@comment{x-kbibtex-personnameformatting=<%l><, %f>}

@article{Vreven_JCP_OniomPCM,
	address = "2 HUNTINGTON QUADRANGLE, STE 1NO1, MELVILLE, NY 11747-4501 USA",
	author = "Vreven, T and Mennucci, B and da Silva, CO and Morokuma, K and Tomasi, J",
	journal = "J. Chem. Phys.",
	month = jul,
	number = "1",
	pages = "62--72",
	publisher = "AMER INST PHYSICS",
	times-cited = "70",
	title = "{The ONIOM-PCM method: Combining the hybrid molecular orbital method and the polarizable continuum model for solvation. Application to the geometry and properties of a merocyanine in solution}",
	volume = "115",
	year = "2001"
}

@Article{Klamt_JCS_Cosmo,
author ="Klamt, A. and Schuurmann, G.",
title  ="COSMO: a new approach to dielectric screening in solvents with explicit expressions for the screening energy and its gradient",
journal  ="J. Chem. Soc.{,} Perkin Trans. 2",
year  ="1993",
issue  ="5",
pages  ="799-805",
publisher  ="The Royal Society of Chemistry"
}

@inbook{Amovilli_AQC_RecentAdvances,
	author = "Amovilli, Claudio and Barone, Vincenzo and Cammi, Roberto and Canc{\`e}s, Eric and Cossi, Maurizio and Mennucci, Benedetta and Pomelli, Christian S. and Tomasi, Jacopo",
	doi = "10.1016/S0065-3276(08)60416-5",
	editor = "L{\"o}wdin, Per-Olov",
	issn = "0065-3276",
	keywords = "PCM",
	pages = "227--261",
	publisher = "Academic Press",
	series = "{Advances in Quantum Chemistry}",
	title = "{Recent Advances in the Description of Solvent Effects with the Polarizable Continuum Model}",
	volume = "32",
	year = "1998"
}

@article{AMBER,
	author = "Cornell, WD and Cieplak, P and Bayly, CI and Gould, IR and Merz, KM and Ferguson, DM and Spellmeyer, DC and Fox, T and Caldwell, JW and Kollman, PA",
	journal = "{J. Am. Chem. Soc.}",
	number = "{19}",
	pages = "{5179--5197}",
	title = "{A 2nd Generation Force-Field for the Simulation of Proteins, Nucleic-Acids, and Organic-Molecules}",
	volume = "{117}",
	year = "{1995}"
}

@article{Attard_JCP_Variational,
	address = "{CIRCULATION \& FULFILLMENT DIV, 2 HUNTINGTON QUADRANGLE, STE 1 N O 1, MELVILLE, NY 11747-4501 USA}",
	author = "Attard, P",
	journal = "{J. Chem. Phys.}",
	number = "{3}",
	pages = "{1365--1372}",
	title = "{Variational formulation for the electrostatic potential in dielectric continua}",
	volume = "{119}",
	year = "{2003}"
}

@article{Steven_JCP_MMPolFQ,
	author = "Rick, Steven W. and Stuart, Steven J. and Berne, B. J.",
	collaboration = "",
	doi = "10.1063/1.468398",
	journal = "J. Chem. Phys.",
	keywords = "FORCE CONSTANTS; LIQUIDS; WATER; MOLECULAR DYNAMICS CALCULATIONS; POINT CHARGE; FLUCTUATIONS; ELECTRIC CHARGES; ELECTRONEGATIVITY; CHARGE EXCHANGE; LAGRANGIAN FUNCTION; MOLECULAR MODELS; DISTRIBUTION FUNCTIONS; PERMITTIVITY; DIFFUSION; INTERMOLECULAR FORCES; COMPUTERS; INTERATOMIC FORCES",
	number = "7",
	pages = "6141--6156",
	publisher = "AIP",
	title = "{Dynamical fluctuating charge force fields: Application to liquid water}",
	volume = "101",
	year = "1994"
}

@article{FMM,
	author = "Greengard, L. and Rokhlin, V.",
	bdsk-url-1 = "http://www.sciencedirect.com/science/article/B6WHY-4DD1T30-K7/2/2b3def8a3a8d71ff0d1697298ea6d2c8",
	bdsk-url-2 = "http://dx.doi.org/10.1016/0021-9991(87)90140-9",
	date-added = "2010-08-02 15:09:16 +0200",
	date-modified = "2010-08-02 15:09:41 +0200",
	doi = "10.1016/0021-9991(87)90140-9",
	issn = "0021-9991",
	journal = "J. Comput. Phys.",
	keywords = "PCM; FMM",
	number = "2",
	pages = "325--348",
	title = "{A fast algorithm for particle simulations}",
	url = "http://www.sciencedirect.com/science/article/B6WHY-4DD1T30-K7/2/2b3def8a3a8d71ff0d1697298ea6d2c8",
	volume = "73",
	year = "1987"
}

@book{Calderon,
	author = "Hackbusch, W.",
	date-added = "2010-08-02 14:53:16 +0200",
	date-modified = "2010-08-02 14:54:46 +0200",
	publisher = "Birkh{\"a}user, Basel",
	title = "{Integral Equations--Theory and Numerical Treatment}",
	year = "1995"
}

@book{Quarteroni,
	author = {Quarteroni, A. and Sacco, R. and Saleri, F.},
        title  = {Numerical Methods},
        publisher = {Springer, Berlin},
        year = {2007}
}

@book{Stone,
	author = {Stone, E. Anthony J.},
	publisher = {Clarendon Press, Oxford},
	title = {The Theory of Intermolecular Forces},
	year = {1996}
}

@book{Szabo,
	author = "Szabo, A. and Ostlund, N. S.",
	publisher = "McGraw Hill, New York",
	title = "{Modern Quantum Chemistry}",
	year = "1993"
}

@book{Landau_EDCont,
	author = "Landau, L. D. and Lifshitz, E. M.",
	publisher = "Pergamon, Oxford",
	title = "{Electrodynamics of Continuous Media}",
	year = "1960"
}

@book{Jackson,
	author = "Jackson, J. D.",
	publisher = "Wiley, New York",
	title = "{Classical Electrodynamics, 3rd ed.}",
	year = "1999"
}

@article{ReviewPCM_1994,
	address = "1155 16TH ST, NW, WASHINGTON, DC 20036",
	author = "Tomasi, Jacopo and Persico, Maurizio",
	bdsk-url-1 = "http://gateway.isiknowledge.com/gateway/Gateway.cgi?GWVersion=2\&SrcAuth=Alerting\&SrcApp=Alerting\&DestApp=WOS\&DestLinkType=FullRecord;KeyUT=A1994PT13100014",
	date-added = "2010-08-02 14:33:01 +0200",
	date-modified = "2010-08-02 14:33:37 +0200",
	isi = "A1994PT13100014",
	isi-recid = "89313539",
	journal = "Chem. Rev.",
	keywords = "PCM",
	month = nov,
	number = "7",
	pages = "2027--2094",
	publisher = "AMER CHEMICAL SOC",
	times-cited = "2450",
	title = "{MOLECULAR-INTERACTIONS IN SOLUTION - AN OVERVIEW OF METHODS BASED ON CONTINUOUS DISTRIBUTIONS OF THE SOLVENT}",
	volume = "94",
	year = "1994"
}

@article{Mennucci_JPCB_IEF3,
	address = "1155 16TH ST, NW, WASHINGTON, DC 20036",
	author = "Mennucci, B and Canc{\`e}s, E and Tomasi, J",
	journal = "J. Phys. Chem. B",
	keywords = "PCM",
	month = dec,
	number = "49",
	pages = "10506--10517",
	publisher = "AMER CHEMICAL SOC",
	times-cited = "512",
	title = "{Evaluation of solvent effects in isotropic and anisotropic dielectrics and in ionic solutions with a unified integral equation method: Theoretical bases, computational implementation, and numerical applications}",
	volume = "101",
	year = "1997"
}

@article{Mennucci_JMC_IEF2,
	author = "Canc{\`e}s, Eric and Mennucci, Benedetta",
	bdsk-url-1 = "http://www.springerlink.com/content/p88626k2401230u3/fulltext.pdf",
	bdsk-url-2 = "http://dx.doi.org/10.1023/A:1019133611148",
	doi = "10.1023/A:1019133611148",
	journal = "J.Math. Chem.",
	keywords = "PCM",
	pages = "309--326",
	title = "{New applications of integral equations methods for solvation continuum models: ionic solutions and liquid crystals}",
	volume = "23",
	year = "1998"
}

@article{Mennucci_JCP_IEF1,
	address = "CIRCULATION FULFILLMENT DIV, 500 SUNNYSIDE BLVD, WOODBURY, NY 11797-2999",
	author = "Canc{\`e}s, E and Mennucci, B and Tomasi, J",
	bdsk-url-1 = "http://gateway.isiknowledge.com/gateway/Gateway.cgi?GWVersion=2\&SrcAuth=Alerting\&SrcApp=Alerting\&DestApp=WOS\&DestLinkType=FullRecord;KeyUT=A1997XR57200037",
	journal = "J. Chem. Phys.",
	keywords = "PCM",
	month = aug,
	number = "8",
	pages = "3032--3041",
	publisher = "AMER INST PHYSICS",
	times-cited = "891",
	title = "{A new integral equation formalism for the polarizable continuum model: Theoretical background and applications to isotropic and anisotropic dielectrics}",
	volume = "107",
	year = "1997"
}

@article{Parrinello_PRL_CP,
	author = "Car, R. and Parrinello, M.",
	bdsk-url-1 = "http://dx.doi.org/10.1103/PhysRevLett.55.2471",
	doi = "10.1103/PhysRevLett.55.2471",
	journal = "Phys. Rev. Lett.",
	keywords = "CP; Dinamica",
	number = "22",
	pages = "2471--2474",
	title = "{Unified Approach for Molecular Dynamics and Density-Functional Theory}",
	volume = "55",
	year = "1985"
}

@article{Schlegel_JCP_ADMP2,
	author = "Iyengar, SS and Schlegel, HB and Millam, JM and Voth, GA and Scuseria, GE and Frisch, MJ",
	journal = "J. Chem. Phys.",
	month = dec,
	number = "22",
	pages = "10291--10302",
	publisher = "AMER INST PHYSICS",
	title = "{Ab initio molecular dynamics: Propagating the density matrix with Gaussian orbitals. II. Generalizations based on mass-weighting, idempotency, energy conservation and choice of initial conditions}",
	volume = "115",
	year = "2001"
}

@article{Schlegel_JCP_ADMP,
	author = "Schlegel, HB and Millam, JM and Iyengar, SS and Voth, GA and Daniels, AD and Scuseria, GE and Frisch, MJ",
	journal = "J. Chem. Phys.",
	month = jun,
	number = "22",
	pages = "9758--9763",
	publisher = "AMER INST PHYSICS",
	title = "{Ab initio molecular dynamics: Propagating the density matrix with Gaussian orbitals}",
	volume = "114",
	year = "2001"
}

@article{Scalmani_JCP_CSC,
	address = "CIRCULATION \& FULFILLMENT DIV, 2 HUNTINGTON QUADRANGLE, STE 1 N O 1, MELVILLE, NY 11747-4501 USA",
	author = "Scalmani, Giovanni and Frisch, Michael J.",
	doi = "10.1063/1.3359469",
	journal = "J. Chem. Phys.",
	keywords = "PCM",
	month = mar,
	number = "11",
	pages = "114110",
	publisher = "AMER INST PHYSICS",
	times-cited = "3",
	title = "{Continuous surface charge polarizable continuum models of solvation. I. General formalism}",
	volume = "132",
	year = "2010"
}

@article{MST,
	author = {Miertus, S and Scrocco, E and Tomasi, J},
	journal = {Chem. Phys. },
	number = {1},
	pages = {117--129},
	title = {ELECTROSTATIC INTERACTION OF A SOLUTE WITH A CONTINUUM - A DIRECT UTILIZATION OF ABINITIO MOLECULAR POTENTIALS FOR THE PREVISION OF SOLVENT EFFECTS},
	volume = {55},
	year = {1981}
}
@article{ReviewPCM_2005,
	author = "Tomasi, J and Mennucci, B and Cammi, R",
	journal = "Chem. Rev.",
	number = "8",
	pages = "2999--3093",
	title = "Quantum Mechanical Continuum Solvation Models",
	volume = "105",
	year = "2005"
}
@article{UFF,
	author = "Rappe, AK and Casewit, CJ and Colwell, KS and Goddard, WA and Skiff, WM",
	journal = "J. Am. Chem. Soc.",
	number = "25",
	pages = "10024--10035",
	title = "UFF, A FULL PERIODIC-TABLE FORCE-FIELD FOR MOLECULAR MECHANICS AND MOLECULAR-DYNAMICS SIMULATIONS",
	volume = "114",
	year = "1992"
}
@article{Scalmani_TCA_Iterative,
	address = "175 FIFTH AVE, NEW YORK, NY 10010 USA",
	author = "Scalmani, G and Barone, V and Kudin, KN and Pomelli, CS and Scuseria, GE and Frisch, MJ",
	journal = "Theor. Chem. Acc.",
	month = mar,
	number = "2-6",
	pages = "90--100",
	publisher = "SPRINGER-VERLAG",
	title = "{Achieving linear-scaling computational cost for the polarizable continuum model of solvation}",
	volume = "111",
	year = "2004"
}

@article{Stewart_JMM_PM6,
	abstract = "Several modifications that have been made to the NDDO core-core interaction term and to the method of parameter optimization are described. These changes have resulted in a more complete parameter optimization, called PM6, which has, in turn, allowed 70 elements to be parameterized. The average unsigned error (AUE) between calculated and reference heats of formation for 4,492 species was 8.0 kcal mol(-1). For the subset of 1,373 compounds involving only the elements H, C, N, O, F, P, S, Cl, and Br, the PM6 AUE was 4.4 kcal mol(-1). The equivalent AUE for other methods were: RM1: 5.0, B3LYP 6-31G*: 5.2, PM5: 5.7, PM3: 6.3, HF 6-31G*: 7.4, and AM1: 10.0 kcal mol(-1). Several long-standing faults in AM1 and PM3 have been corrected and significant improvements have been made in the prediction of geometries.",
	address = "233 SPRING STREET, NEW YORK, NY 10013 USA",
	author = "Stewart, James J. P.",
	bdsk-url-1 = "http://gateway.isiknowledge.com/gateway/Gateway.cgi?GWVersion=2\&SrcAuth=Alerting\&SrcApp=Alerting\&DestApp=WOS\&DestLinkType=FullRecord;KeyUT=000250308000001",
	date-added = "2010-08-02 10:48:14 +0200",
	date-modified = "2010-08-02 14:19:37 +0200",
	doi = "10.1007/s00894-007-0233-4",
	isi = "000250308000001",
	isi-recid = "158760722",
	isi-ref-recids = "144720950 125223915 85094780 148752483 82983371 26761995 32139650 64951167 55975996 147356546 64798028 449410 151260851 56341034 128566 5405264 80951742 13135366 11067073 40782145 150641815 158760723 68518005 134023776 133348509 136303976 75408885 68518002 155049076 78730145 94288855 122851831 114913623 86151542 147509527",
	journal = "J. Mol. Mod.",
	keywords = "Semiempirical",
	month = dec,
	number = "12",
	pages = "1173--1213",
	publisher = "SPRINGER",
	times-cited = "221",
	title = "{Optimization of parameters for semiempirical methods V: Modification of NDDO approximations and application to 70 elements}",
	volume = "13",
	year = "2007"
}

@article{Pulay_JCC_DIIScom,
	address = "605 THIRD AVE, NEW YORK, NY 10158-0012",
	author = "Pulay, P",
	bdsk-url-1 = "http://gateway.isiknowledge.com/gateway/Gateway.cgi?GWVersion=2\&SrcAuth=Alerting\&SrcApp=Alerting\&DestApp=WOS\&DestLinkType=FullRecord;KeyUT=A1982PS03200012",
	date-added = "2010-08-02 10:46:17 +0200",
	date-modified = "2010-08-02 14:17:52 +0200",
	isi = "A1982PS03200012",
	isi-recid = "47565797",
	isi-ref-recids = "44408512 26410278 23869146 25431642 24777043 36702695 38926952 22638530 40782145 17029882 36415262 6052669 35799788 23542757",
	journal = "J. Comput. Chem.",
	keywords = "DIIS",
	number = "4",
	pages = "556--560",
	publisher = "JOHN WILEY \& SONS INC",
	times-cited = "451",
	title = "{IMPROVED SCF CONVERGENCE ACCELERATION}",
	volume = "3",
	year = "1982"
}

@article{Pulay_CPL_DIIS,
	abstract = "Based on a recent method of Pople et al for the solution of large systems of linear equations, a procedure is given for accelerating the convergence of slowly converging quasi-Newton-- Raphson type algorithms. This procedure is particularly advantageous if the number of parameters is so large that the calculation and storage of the hessian is no longer practical. Application to the SCF problem is treated in detail.",
	author = "Pulay, P{\'e}ter",
	bdsk-url-1 = "http://www.sciencedirect.com/science/article/B6TFN-4490431-79/2/5234d016c4cad3b7ec90ac847d09d282",
	bdsk-url-2 = "http://dx.doi.org/10.1016/0009-2614(80)80396-4",
	date-added = "2010-08-02 10:32:41 +0200",
	date-modified = "2010-08-02 14:17:37 +0200",
	doi = "10.1016/0009-2614(80)80396-4",
	issn = "0009-2614",
	journal = "Chem. Phys. Lett.",
	keywords = "DIIS",
	number = "2",
	pages = "393--398",
	title = "{Convergence acceleration of iterative sequences. the case of scf iteration}",
	url = "http://www.sciencedirect.com/science/article/B6TFN-4490431-79/2/5234d016c4cad3b7ec90ac847d09d282",
	volume = "73",
	year = "1980"
}

@article{Lipparini_PCCP_Stacking,
	abstract = "It is well-known that a solvent can modify the relative importance of the different constituents (electrostatic and dispersion) of non-covalent interactions, but much less is known about how these solvent-induced modifications specifically couple with the polarization of the electronic density and electronic correlation. Here we present a quantum mechanical analysis of the effects of the solvent on the non covalent interactions (both stacking and hydrogen bonding) in base pairs using a hierarchy of combinations between a MP2 correlated description for the base pairs and the polarizable continuum model (PCM) for the solvent. A comparison of the results obtained in these different combinations of increasing accuracy allows us to better analyze the important role played by the coupling between correlated electronic densities and solvent polarization in determining the relative importance of stacking and hydrogen bonding effects.",
	address = "THOMAS GRAHAM HOUSE, SCIENCE PARK, MILTON RD, CAMBRIDGE CB4 0WF, CAMBS, ENGLAND",
	author = "Lipparini, Filippo and Scalmani, Giovanni and Mennucci, Benedetta",
	bdsk-url-1 = "http://gateway.isiknowledge.com/gateway/Gateway.cgi?GWVersion=2\&SrcAuth=Alerting\&SrcApp=Alerting\&DestApp=WOS\&DestLinkType=FullRecord;KeyUT=000272271400030",
	date-added = "2010-08-02 10:26:21 +0200",
	date-modified = "2010-08-02 14:20:15 +0200",
	doi = "10.1039/b915898g",
	isi = "000272271400030",
	isi-recid = "185079107",
	isi-ref-recids = "124541400 92205445 104711850 112614834 106471124 106471125 174404379 96214487 75033783 82781446 109207254 162732786 114282950 162521168 112566625 149967942 110243059 42277946 105035714 97900332 51275313 81700362 150006630 64026729 135343591 156825951 117762191 121402686 127857922 149495420 123738820 135955398 162521100 131575467 145772594 173174896 82183305 155056162 145192815 145071954 149298456",
	journal = "Phys. Chem. Chem. Phys.",
	keywords = "PCM; Fil",
	number = "48",
	pages = "11617--11623",
	publisher = "ROYAL SOC CHEMISTRY",
	times-cited = "1",
	title = "{Non covalent interactions in RNA and DNA base pairs: a quantum-mechanical study of the coupling between solvent and electronic density}",
	volume = "11",
	year = "2009"
}

@article{Rappe_JCP_QEq,
	address = "1155 16TH ST, NW, WASHINGTON, DC 20036",
	author = "Rappe, AK and Goddard, WA",
	journal = "J. Phys. Chem.",
	keywords = "MM",
	month = apr,
	number = "8",
	pages = "3358--3363",
	publisher = "AMER CHEMICAL SOC",
	times-cited = "1231",
	title = "{CHARGE EQUILIBRATION FOR MOLECULAR-DYNAMICS SIMULATIONS}",
	volume = "95",
	year = "1991"
}

@article{Pople_CPL_DFT,
	author = "Pople, John A. and Gill, Peter M.W. and Johnson, Benny G.",
	doi = "10.1016/0009-2614(92)85009-Y",
	issn = "0009-2614",
	journal = "Chem. Phys. Lett.",
	note = "",
	number = "6",
	pages = "557--560",
	title = "{Kohn--Sham density-functional theory within a finite basis set}",
	url = "http://www.sciencedirect.com/science/article/B6TFN-44F1N8C-FX/2/c61f62731c3aee9a2fb502da48ed160c",
	volume = "199",
	year = "1992"
}

@article{Roothan_RMP_SCF,
	author = "Roothaan, C. C. J.",
	doi = "10.1103/RevModPhys.32.179",
	journal = "Rev. Mod. Phys.",
	month = "Apr",
	number = "2",
	numpages = "6",
	pages = "179--185",
	publisher = "American Physical Society",
	title = "{Self-Consistent Field Theory for Open Shells of Electronic Systems}",
	volume = "32",
	year = "1960"
}

@article{Caricato_JCP_CCPCM,
	address = "{CIRCULATION \& FULFILLMENT DIV, 2 HUNTINGTON QUADRANGLE, STE 1 N O 1, MELVILLE, NY 11747-4501 USA}",
	author = "Caricato, Marco and Mennucci, Benedetta and Scalmani, Giovanni and Trucks, Gary W. and Frisch, Michael J.",
	doi = "10.1063/1.3314221",
	journal = "{J. Chem. Phys.}",
	number = "{8}",
	pages = "084102",
	publisher = "{AMER INST PHYSICS}",
	title = "{Electronic excitation energies in solution at equation of motion CCSD level within a state specific polarizable continuum model approach}",
	volume = "{132}",
	year = "{2010}"
}

@article{Dewar_JACS_AM1,
	author = "Dewar, Michael J. S. and Zoebisch, Eve G. and Healy, Eamonn F. and Stewart, James J. P.",
	doi = "10.1021/ja00299a024",
	eprint = "http://pubs.acs.org/doi/pdf/10.1021/ja00299a024",
	journal = "J. Am. Chem. Soc.",
	number = "13",
	pages = "3902--3909",
	title = "{Development and use of quantum mechanical molecular models. 76. AM1: a new general purpose quantum mechanical molecular model}",
	url = "http://pubs.acs.org/doi/abs/10.1021/ja00299a024",
	volume = "107",
	year = "1985"
}

@article{Stewart_JCC_PM3,
	address = "{605 THIRD AVE, NEW YORK, NY 10158-0012}",
	affiliation = "{STEWART, JJP (Reprint Author), USAF ACAD,FRANK J SEILER RES LAB,COLORADO SPRINGS,CO 80840.}",
	author = "Stewart, J. J. P.",
	doc-delivery-number = "{T6901}",
	issn = "{0192-8651}",
	journal = "{J. Comput. Chem. }",
	journal-iso = "{J. Comput. Chem.}",
	language = "{English}",
	month = "{MAR}",
	number = "{2}",
	number-of-cited-references = "{21}",
	pages = "{209--220}",
	publisher = "{JOHN WILEY \& SONS INC}",
	subject-category = "{Chemistry, Multidisciplinary}",
	times-cited = "{6430}",
	title = "{optimization of parameters for semiempirical methods .1. Method}",
	type = "{Article}",
	unique-id = "{ISI:A1989T690100007}",
	volume = "{10}",
	year = "{1989}"
}

@article{Mennucci_JPCL_PCM,
	author = "Mennucci, Benedetta",
	journal = "J. Phys. Chem. Lett.",
	note = "and references therein",
	number = "10",
	pages = "1666--1674",
	title = "{Continuum Solvation Models: What Else Can We Learn from Them?}",
	volume = "1",
	year = "2010"
}

@article{Oniom1,
	address = "1155 16TH ST, NW, WASHINGTON, DC 20036 USA",
	author = "Vreven, Thom and Byun, K. Suzie and Komaromi, Istvan and Dapprich, Stefan and Montgomery, John A. Jr. and Morokuma, Keiji and Frisch, Michael J.",
	bdsk-url-1 = "http://gateway.isiknowledge.com/gateway/Gateway.cgi?GWVersion=2\&SrcAuth=Alerting\&SrcApp=Alerting\&DestApp=WOS\&DestLinkType=FullRecord;KeyUT=000237592700039",
	doi = "10.1021/ct050289g",
	journal = "J.Chem. Theory and Comput.",
	keywords = "Oniom",
	month = may,
	number = "3",
	pages = "815--826",
	publisher = "AMER CHEMICAL SOC",
	times-cited = "113",
	title = "{Combining quantum mechanics methods with molecular mechanics methods in ONIOM}",
	volume = "2",
	year = "2006"
}

@article{Harris_PRB_Guess,
	author = "Harris, J.",
	doi = "10.1103/PhysRevB.31.1770",
	journal = "Phys. Rev. B",
	month = "Feb",
	number = "4",
	numpages = "9",
	pages = "1770--1779",
	publisher = "American Physical Society",
	title = "{Simplified method for calculating the energy of weakly interacting fragments}",
	volume = "31",
	year = "1985"
}

@article{Ruud_JCP_IEFPar,
	author = "Ferrighi, Lara and Frediani, Luca and Fossgaard, Eirik and Ruud, Kenneth",
	doi = "10.1063/1.2357925",
	eid = "154112",
	journal = "The J. of Chem. Phys.",
	keywords = "integral equations; HF calculations; density functional theory; free energy; liquid theory",
	number = "15",
	numpages = "7",
	pages = "154112",
	publisher = "AIP",
	title = "{Parallelization of the integral equation formulation of the polarizable continuum model for higher-order response functions}",
	volume = "125",
	year = "2006"
}

@article{Truhlar_JPCB_SMD,
	author = "Marenich, Aleksandr V. and Cramer, Christopher J. and Truhlar, Donald G.",
	journal = "J. Phys. Chem. B",
	number = "18",
	pages = "6378--6396",
	title = "{Universal Solvation Model Based on Solute Electron Density and on a Continuum Model of the Solvent Defined by the Bulk Dielectric Constant and Atomic Surface Tensions}",
	volume = "113",
	year = "2009"
}
@article{Brancato_JCP_GLOB5,
	author = "Brancato, Giuseppe and Rega, Nadia and Barone, Vincenzo",
	collaboration = "",
	doi = "10.1063/1.2897759",
	eid = "144501",
	journal = "J. Chem. Phys.",
	keywords = "ab initio calculations; free radicals; liquid theory; molecular dynamics method; organic compounds; solvation; solvent effects; water",
	number = "14",
	numpages = "10",
	pages = "144501",
	publisher = "AIP",
	title = "{A hybrid explicit/implicit solvation method for first-principle molecular dynamics simulations}",
	url = "http://link.aip.org/link/?JCP/128/144501/1",
	volume = "128",
	year = "2008"
}

@article{Stanton_MolPhys_VPT2,
	author = "V{\'a}zquez, J. and Stanton, J.F.",
	doi = "10.1080/00268970500290367",
	journal = "Mol. Phys.",
	number = "3",
	pages = "377--388",
	title = "{Simple(r) algebraic equation for transition moments of fundamental transitions in vibrational second-order perturbation theory}",
	volume = "104",
	year = "2006"
}

@article{Pascual_JCC_GEPOL,
	abstract = "{To understand and calculate the interactions of a solute with a solvent, a good method of computing the molecular surface is needed. Three kinds of surfaces may be used: the van der Waals Surface, the Accessible Surface, and the Molecular Surface. The latter is redefined in this article as the Solvent-Excluding Surface. The new algorithm for computing the Solvent-Excluding Surface included in the GEPOL93 program is described. GEPOL93 follows the same concept as former versions of GEPOL but with a full new algorithm. Thus, it computes the Solvent-Excluding Surface by filling the spaces not accessible to the solvent with a set of new spheres. The computation is controlled by three parameters: the number of triangles per sphere, controlled by NDIV; the maximum overlap among the new spheres (OFAC); and the size of the smallest sphere that can be created (RMIN). The changes introduced for the computation of the ESURF make GEPOL93 not just a new version but a new program. An estimation is made of the error in the area and volume obtained in the function of the parameters. (C) 1994 by John Wiley and Sons, Inc.}",
	address = "{605 THIRD AVE, NEW YORK, NY 10158-0012}",
	affiliation = "{UNIV VALENCIA,DEPT QUIM FIS,E-46100 BURJASSOT,SPAIN.}",
	author = "Pascual-ahuir, JL and Silla, E and Tunon, I",
	doc-delivery-number = "{PJ521}",
	doi = "10.1002/jcc.540151009",
	issn = "{0192-8651}",
	journal = "{J. Comput. Chem.}",
	keywords-plus = "{PROTEIN-STRUCTURE; CONTINUUM; CAVITY; AREA; TRIANGULATION; SOLUBILITY; SOLVATION; VOLUMES; MODEL; WATER}",
	language = "{English}",
	month = "{OCT}",
	number = "{10}",
	number-of-cited-references = "{28}",
	pages = "{1127--1138}",
	publisher = "{JOHN WILEY \& SONS INC}",
	subject-category = "{Chemistry}",
	times-cited = "{196}",
	title = "{GEPOL - AN IMPROVED DESCRIPTION OF MOLECULAR-SURFACES .3. A NEW ALGORITHM FOR THE COMPUTATION OF A SOLVENT-EXCLUDING SURFACE}",
	type = "{Article}",
	unique-id = "{ISI:A1994PJ52100008}",
	volume = "{15}",
	year = "{1994}"
}

@article{Barone_JCP_Cavity,
	author = "Barone, Vincenzo and Cossi, Maurizio and Tomasi, Jacopo",
	collaboration = "",
	doi = "10.1063/1.474671",
	journal = "J. Chem. Phys.",
	keywords = "solvation; free energy; HF calculations",
	number = "8",
	pages = "3210--3221",
	publisher = "AIP",
	title = "{A new definition of cavities for the computation of solvation free energies by the polarizable continuum model}",
	url = "http://link.aip.org/link/?JCP/107/3210/1",
	volume = "107",
	year = "1997"
}

@article{Floris_JCC_Dis2,
	author = "Floris, F. M. and Tomasi, J. and Ahuir, J. L. Pascual",
	doi = "10.1002/jcc.540120703",
	issn = "1096-987X",
	journal = "J. Comput. Chem.",
	number = "7",
	pages = "784--791",
	publisher = "John Wiley \& Sons, Inc.",
	title = "{Dispersion and repulsion contributions to the solvation energy: Refinements to a simple computational model in the continuum approximation}",
	url = "http://dx.doi.org/10.1002/jcc.540120703",
	volume = "12",
	year = "1991"
}

@article{Still_JACS_GB,
	author = "Still, W. Clark and Tempczyk, Anna and Hawley, Ronald C. and Hendrickson, Thomas",
	journal = "J. Am. Chem. Soc.",
	number = "16",
	pages = "6127--6129",
	title = "{Semianalytical treatment of solvation for molecular mechanics and dynamics}",
	volume = "112",
	year = "1990"
}

@article{Verstraelen_JCQ_FQ,
	author = "Verstraelen, Toon and Speybroeck, Veronique Van and Waroquier, Michel",
	collaboration = "",
	doi = "10.1063/1.3187034",
	eid = "044127",
	journal = "J. Chem. Phys.",
	keywords = "ab initio calculations; electronegativity; molecular force constants; organic compounds; perturbation theory; polarisability",
	number = "4",
	numpages = "19",
	pages = "044127",
	publisher = "AIP",
	title = "{The electronegativity equalization method and the split charge equilibration applied to organic systems: Parametrization, validation, and comparison}",
	url = "http://link.aip.org/link/?JCP/131/044127/1",
	volume = "131",
	year = "2009"
}

@incollection{Mennucci_Librone_Exc,
	author = "Mennucci, B.",
	booktitle = "{Continuum Solvation Models in Chemical Physics}",
	chapter = "1.5",
	pages = "110--124",
	editor = "Mennucci, B. and Cammi, R.",
	publisher = "Wiley, New York",
	title = "{Continuum Solvation Models in Chemical Physics}",
	year = "2007"
}
@book{Librone_PCM,
booktitle = {Continuum Solvation Models in Chemical Physics},
editor = {Mennucci, B. and Cammi, R.},
year = {2007},
publisher = {Wiley, New York}
}

@incollection{Cammi_Librone_PCMQM,
author = {Cammi, R.},
booktitle = {Continuum Solvation Models in Chemical Physics},
editor = {Mennucci, B. and Cammi, R.},
chapter = "1.5",
pages = "82--93",
publisher = {Wiley, New York},
title = "The Quantum Mechanical Formulation of Continuum Models",
year = {2007}
}
@incollection{ Pomelli_Librone_Cav,
author = {Pomelli, C. S.},
booktitle = {Continuum Solvation Models in Chemical Physics},
chapter = "1.3",
pages = "49--63",
editor = {Mennucci, B. and Cammi, R.},
publisher = {Wiley, New York},
title = "Cavity Surfaces and their Discretization",
year = {2007}
}
@incollection{Cances_Librone_PCM,
	author = "Canc{\`e}s, E",
	booktitle = "{Continuum Solvation Models in Chemical Physics}",
	chapter = "1.2",
	editor = "Mennucci, B. and Cammi, R.",
	pages = "29--48",
	publisher = "Wiley, New York",
	title = "{Integral equation approaches for continuum models}",
	year = "2007"
}

@article{Mortier_JACS_EEM,
	author = "Mortier, Wilfried J. and {Van Genechten}, Karin and Gasteiger, Johann",
	doi = "10.1021/ja00290a017",
	eprint = "http://pubs.acs.org/doi/pdf/10.1021/ja00290a017",
	journal = "J. Am. Chem. Soc.",
	number = "4",
	pages = "829--835",
	title = "{Electronegativity equalization: application and parametrization}",
	url = "http://pubs.acs.org/doi/abs/10.1021/ja00290a017",
	volume = "107",
	year = "1985"
}

@article{Rick_JCP_FQ,
	author = "Rick, Steven W. and Stuart, Steven J. and Berne, B. J.",
	collaboration = "",
	doi = "10.1063/1.468398",
	journal = "J. Chem. Phys.",
	keywords = "FORCE CONSTANTS; LIQUIDS; WATER; MOLECULAR DYNAMICS CALCULATIONS; POINT CHARGE; FLUCTUATIONS; ELECTRIC CHARGES; ELECTRONEGATIVITY; CHARGE EXCHANGE; LAGRANGIAN FUNCTION; MOLECULAR MODELS; DISTRIBUTION FUNCTIONS; PERMITTIVITY; DIFFUSION; INTERMOLECULAR FORCES; COMPUTERS; INTERATOMIC FORCES",
	number = "7",
	pages = "6141--6156",
	publisher = "AIP",
	title = "{Dynamical fluctuating charge force fields: Application to liquid water}",
	url = "http://link.aip.org/link/?JCP/101/6141/1",
	volume = "101",
	year = "1994"
}

@article{Lipparini_JCTC_VPCMSCF,
	author = "Lipparini, Filippo and Scalmani, Giovanni and Mennucci, Benedetta and Frisch, Michael J.",
	journal = "J. Chem. Theory Comput.",
	number = "3",
	pages = "610--617",
	title = "Self-Consistent Field and Polarizable Continuum Model: A New Strategy of Solution for the Coupled Equations",
	volume = "7",
	year = "2011"
}
@article{Barone_CPL_VPT2Int,
	author = "Barone, Vincenzo and Bloino, Julien and Guido, Ciro A. and Lipparini, Filippo",
	doi = "10.1016/j.cplett.2010.07.012",
	issn = "0009-2614",
	journal = "Chem. Phys. Lett.",
	note = "",
	number = "1-3",
	pages = "157--161",
	title = "{A fully automated implementation of VPT2 Infrared intensities}",
	url = "http://www.sciencedirect.com/science/article/B6TFN-50GWNB4-2/2/37580b636033b6df1e7875a0aa0f8ab5",
	volume = "496",
	year = "2010"
}

@article{Rega_CPL_GLOB3,
	author = "Rega, Nadia and Brancato, Giuseppe and Barone, Vincenzo",
	doi = "10.1016/j.cplett.2006.02.051",
	issn = "0009-2614",
	journal = "Chem. Phys. Lett.",
	note = "",
	number = "4-6",
	pages = "367--371",
	title = "{Non-periodic boundary conditions for ab initio molecular dynamics in condensed phase using localized basis functions}",
	url = "http://www.sciencedirect.com/science/article/B6TFN-4JJ2BRD-1/2/6429b698f94403152328c95eef4f54e7",
	volume = "422",
	year = "2006"
}

@article{Nistor_JCP_SQE,
	author = "Nistor, Razvan A. and Polihronov, Jeliazko G. and M{\"u}ser, Martin H. and Mosey, Nicholas J.",
	collaboration = "",
	doi = "10.1063/1.2346671",
	eid = "094108",
	journal = "J. Chem. Phys.",
	keywords = "potential energy functions; electronegativity; bonds (chemical); polarisability",
	number = "9",
	numpages = "10",
	pages = "094108",
	publisher = "AIP",
	title = "{A generalization of the charge equilibration method for nonmetallic materials}",
	url = "http://link.aip.org/link/?JCP/125/094108/1",
	volume = "125",
	year = "2006"
}

@article{Parrinello_PRL_ExtLag,
	author = "Parrinello, M. and Rahman, A.",
	doi = "10.1103/PhysRevLett.45.1196",
	journal = "Phys. Rev. Lett.",
	month = "Oct",
	number = "14",
	numpages = "3",
	pages = "1196--1199",
	publisher = "American Physical Society",
	title = "{Crystal Structure and Pair Potentials: A Molecular-Dynamics Study}",
	volume = "45",
	year = "1980"
}

@article{Duvail_JCP_La1,
	author = "Duvail, Magali and Souaille, Marc and Spezia, Riccardo and Cartailler, Thierry and Vitorge, Pierre",
	collaboration = "",
	doi = "10.1063/1.2751503",
	eid = "034503",
	journal = "J. Chem. Phys.",
	keywords = "liquid structure; molecular dynamics method; solvation; chemical exchanges; perturbation theory; ab initio calculations; reaction kinetics theory; lanthanum; positive ions; water",
	number = "3",
	numpages = "11",
	pages = "034503",
	publisher = "AIP",
	title = "{Pair interaction potentials with explicit polarization for molecular dynamics simulations of La[sup 3+] in bulk water}",
	url = "http://link.aip.org/link/?JCP/127/034503/1",
	volume = "127",
	year = "2007"
}

@article{Duvail_JCP_La2,
	author = "Duvail, Magali and Vitorge, Pierre and Spezia, Riccardo",
	collaboration = "",
	doi = "10.1063/1.3081143",
	eid = "104501",
	journal = "J. Chem. Phys.",
	keywords = "ab initio calculations; liquid structure; liquid theory; molecular dynamics method; rare earth metals; water",
	number = "10",
	numpages = "13",
	pages = "104501",
	publisher = "AIP",
	title = "{Building a polarizable pair interaction potential for lanthanoids(III) in liquid water: A molecular dynamics study of structure and dynamics of the whole series}",
	url = "http://link.aip.org/link/?JCP/130/104501/1",
	volume = "130",
	year = "2009"
}

@article{Nishimoto_ZPC_kernel,
	author = "Nishimoto, K. and Mataga, N.",
	journal = "Z. Phys. Chem. (Frankfurt)",
	pages = "335",
	volume = "12",
	year = "1957"
}

@incollection{Caricato_Librone_Var,
	author = "Caricato, M. and Scalmani, G. and Frisch, M. J.",
	editor = "Mennucci, B. and Cammi, R.",
	publisher = "Wiley, New York",
	booktitle = "{Continuum Solvation Models in Chemical Physics}",
	chapter = "1.4",
	pages = "64--81",
	title = "A Lagrangian Formulation for Continuum Models",
	year = "2007"
}

@article{York_JPCA_CSC,
	abstract = "The development of a smooth solvation potential from which analytic derivatives can be derived is important for molecular applications that require geometry optimization and conformational sampling. Derivatives in conventional boundary element solvation methods are typically treated approximately, and contain singularities that arise from discontinuities in the potential. We present a simple smooth solvation potential that is based on the conductor-like screening model proposed by Klamt and Schuurmann (Klamt, A.; Schuurmann, G. J. Chem. Sec., Perkin. Trans. 2, 1993, 799). The model uses a simple solvent accessible surface with an atomic sphere discretization based on high-order angular quadrature schemes for spherical harmonics. Surface elements are modeled by spherical Gaussian functions with exponents calibrated to obtain the exact Born ion energy and uniform surface charge density and to avoid Coulomb singularities present in conventional point-charge surface element models. The set of linear equations are modified to produce a rigorously smooth solvation potential by allowing the effect of new surface elements to be turned on or off over a finite switching region around each atom. Numerical tests of the method are provided, in addition to discussions of rotational variance, generalization to arbitrary internal dielectric, use of constraints, and extension to a smooth surface area model.",
	address = "1155 16TH ST, NW, WASHINGTON, DC 20036 USA",
	author = "York, DM and Karplus, M",
	bdsk-url-1 = "http://gateway.isiknowledge.com/gateway/Gateway.cgi?GWVersion=2\&SrcAuth=Alerting\&SrcApp=Alerting\&DestApp=WOS\&DestLinkType=FullRecord;KeyUT=000084425000053",
	date-added = "2010-01-20 16:08:03 -0500",
	date-modified = "2010-01-20 16:08:11 -0500",
	isi = "000084425000053",
	isi-recid = "113122508",
	isi-ref-recids = "93675536 100155969 104026929 104489213 74032488 105717189 66779228 87480881 87259556 88333963 113122509 106471125 100903838 94116379 93577539 96183399 71261237 38402181 9843098 91521517 91472272 105925296 28740113 105961244 83406024 103087591 91328445 110631384 81180189 88100217 100957538 104351155 82983249 113122510 94490233 107960059 88781526 92105549 98090007 103828852 93061115 104977697 89313539 101266329 92742077 101786318 91953316 103747712 94200096 98429042 98129782 105489950 103465057 113122511",
	journal = "J. Phys. Chem. A",
	month = dec,
	number = "50",
	pages = "11060--11079",
	publisher = "AMER CHEMICAL SOC",
	times-cited = "50",
	title = "{A smooth solvation potential based on the conductor-like screening model}",
	volume = "103",
	year = "1999"
}

@article{Andersen_JCP_Thermo,
	author = "Andersen, Hans C.",
	collaboration = "",
	doi = "10.1063/1.439486",
	journal = "J. Chem. Phys.",
	keywords = "NUMERICAL SOLUTION; FLUIDS; COMPUTERIZED SIMULATION; THERMODYNAMIC PROPERTIES; EQUATION OF MOTION; TIME DEPENDENCE; STRUCTURE FACTORS",
	number = "4",
	pages = "2384--2393",
	publisher = "AIP",
	title = "{Molecular dynamics simulations at constant pressure and/or temperature}",
	url = "http://link.aip.org/link/?JCP/72/2384/1",
	volume = "72",
	year = "1980"
}

@article{Ohno_TCA_kernel,
	author = "Ohno, Kimio",
	issn = "1432-881X",
	issue = "3",
	journal = "Theor. Chem. Acc.",
	keyword = "Physics and Astronomy",
	pages = "219--227",
	publisher = "Springer Berlin / Heidelberg",
	title = "{Some remarks on the Pariser-Parr-Pople method}",
	url = "http://dx.doi.org/10.1007/BF00528281",
	volume = "2",
	year = "1964"
}

@article{York_JCP_FQ,
	author = "York, Darrin M. and Yang, Weitao",
	collaboration = "",
	doi = "10.1063/1.470886",
	journal = "J. Chem. Phys.",
	keywords = "ACCURACY; ELECTRONEGATIVITY; AB INITIO CALCULATIONS; CHEMICAL POTENTIAL; DENSITY FUNCTIONAL METHOD; MOLECULAR DYNAMICS CALCULATIONS",
	number = "1",
	pages = "159--172",
	publisher = "AIP",
	title = "{A chemical potential equalization method for molecular simulations}",
	url = "http://link.aip.org/link/?JCP/104/159/1",
	volume = "104",
	year = "1996"
}

@article{Thole_CP_Dip,
	author = "Thole, B.T.",
	doi = "10.1016/0301-0104(81)85176-2",
	issn = "0301-0104",
	journal = "Chem. Phys.",
	note = "",
	number = "3",
	pages = "341--350",
	title = "{Molecular polarizabilities calculated with a modified dipole interaction}",
	url = "http://www.sciencedirect.com/science/article/pii/0301010481851762",
	volume = "59",
	year = "1981"
}

@article{VanDuin_JPCA_ReaxFF,
	author = "van Duin, Adri C. T. and Dasgupta, Siddharth and Lorant, Francois and Goddard, William A.",
	doi = "10.1021/jp004368u",
	eprint = "http://pubs.acs.org/doi/pdf/10.1021/jp004368u",
	journal = "J. Phys. Chem. A",
	number = "41",
	pages = "9396--9409",
	title = "{ReaxFF: A Reactive Force Field for Hydrocarbons}",
	url = "http://pubs.acs.org/doi/abs/10.1021/jp004368u",
	volume = "105",
	year = "2001"
}

@article{Steindal_JCPA_QMMMPCM,
	author = "Steindal, Arnfinn Hykkerud and Ruud, Kenneth and Frediani, Luca and Aidas, K\k{e}stutis and Kongsted, Jacob",
	doi = "10.1021/jp1101913",
	eprint = "http://pubs.acs.org/doi/pdf/10.1021/jp1101913",
	journal = "J. Phys. Chem. B",
	number = "12",
	pages = "3027--3037",
	title = "{Excitation Energies in Solution: The Fully Polarizable QM/MM/PCM Method}",
	url = "http://pubs.acs.org/doi/abs/10.1021/jp1101913",
	volume = "115",
	year = "2011"
}

@article{Ando_JPCB_FQOrgLiq,
	author = "Llanta, Estanis and Ando, Koji and Rey, Rossend",
	doi = "10.1021/jp010390r",
	eprint = "http://pubs.acs.org/doi/pdf/10.1021/jp010390r",
	journal = "J. Phys. Chem. B",
	number = "32",
	pages = "7783--7791",
	title = "{Fluctuating Charge Study of Polarization Effects in Chlorinated Organic Liquids}",
	url = "http://pubs.acs.org/doi/abs/10.1021/jp010390r",
	volume = "105",
	year = "2001"
}

@article{Ando_JCP_FQStable,
author = {Koji Ando},
title = {A stable fluctuating-charge polarizable model for molecular dynamics simulations: Application to aqueous electron transfers},
publisher = {AIP},
year = {2001},
Journal = {J. Chem. Phys.},
volume = {115},
number = {11},
pages = {5228-5237},
doi = {10.1063/1.1394923}
}

@article{Llanta_CPL_FQCCl4,
	author = "Llanta, Estanis and Rey, Rossend",
	doi = "10.1016/S0009-2614(01)00385-2",
	issn = "0009-2614",
	journal = "Chem. Phys. Lett.",
	note = "",
	number = "1-2",
	pages = "173--178",
	title = "{Collision-induced absorption in liquid carbon tetrachloride}",
	url = "http://www.sciencedirect.com/science/article/pii/S0009261401003852",
	volume = "340",
	year = "2001"
}

@article{Cossi_JCC_CPCM,
Author = {Cossi, M and Rega, N and Scalmani, G and Barone, V},
Title = {Energies, structures, and electronic properties of molecules in solution with the C-PCM solvation model},
Journal = {J. Comput. Chem.},
Year = {2003},
Volume = {24},
Number = {6},
Pages = {669-681}
}
@article{Jorgensen_JCP_TIP3P,
	author = "Jorgensen, William L. and Chandrasekhar, Jayaraman and Madura, Jeffry D. and Impey, Roger W. and Klein, Michael L.",
	doi = "10.1063/1.445869",
	journal = "J. Chem. Phys.",
	keywords = "water; computerized simulation; monte carlo method; intermolecular forces; potentials; structure factors; liquids; medium temperature; selfdiffusion; hydrogen bonds",
	number = "2",
	pages = "926--935",
	publisher = "AIP",
	title = "{Comparison of simple potential functions for simulating liquid water}",
	url = "http://link.aip.org/link/?JCP/79/926/1",
	volume = "79",
	year = "1983"
}

@article{Olano_JCC_FQVib,
	author = "Olano, L. Renee and Rick, Steven W.",
	doi = "10.1002/jcc.20212",
	issn = "1096-987X",
	journal = "J. Comput. Chem.",
	keywords = "polarizable force fields; molecular dynamics; fluctuating charge models; extended Lagrangian",
	number = "7",
	pages = "699--707",
	publisher = "Wiley Subscription Services, Inc., A Wiley Company",
	title = "{Fluctuating charge normal modes: An algorithm for implementing molecular dynamics simulations with polarizable potentials}",
	url = "http://dx.doi.org/10.1002/jcc.20212",
	volume = "26",
	year = "2005"
}

@article{Verstraelen_JCTC_FQPar,
	author = "Verstraelen, T. and Bultinck, P. and {Van Speybroeck}, V. and Ayers, P. W. and {Van Neck}, D. and Waroquier, M.",
	doi = "10.1021/ct200006e",
	eprint = "http://pubs.acs.org/doi/pdf/10.1021/ct200006e",
	journal = "J. Chem. Theory Comput.",
	number = "6",
	pages = "1750--1764",
	title = "{The Significance of Parameters in Charge Equilibration Models}",
	url = "http://pubs.acs.org/doi/abs/10.1021/ct200006e",
	volume = "7",
	year = "2011"
}

@article{Rick_JACS_FQAmides,
	author = "Rick, Steven W. and Berne, B. J.",
	doi = "10.1021/ja952535b",
	eprint = "http://pubs.acs.org/doi/pdf/10.1021/ja952535b",
	journal = "J. Am. Chem. Soc.",
	number = "3",
	pages = "672--679",
	title = "{Dynamical Fluctuating Charge Force Fields: The Aqueous Solvation of Amides}",
	url = "http://pubs.acs.org/doi/abs/10.1021/ja952535b",
	volume = "118",
	year = "1996"
}

@article{Rick_JML_FQsolv,
	author = "Rick, Steven W. and Stuart, Steven J. and Bader, Joel S. and Berne, B. J.",
	doi = "10.1016/0167-7322(95)00842-7",
	issn = "0167-7322",
	journal = "J. Mol. Liq.",
	note = "",
	number = "",
	pages = "31--40",
	title = "{Fluctuating charge force fields for aqueous solutions}",
	url = "http://www.sciencedirect.com/science/article/pii/0167732295008427",
	volume = "65-66",
	year = "1995"
}

@article{Pedone_CPC_QMMMPCM,
	author = "Pedone, Alfonso and Biczysko, Malgorzata and Barone, Vincenzo",
	doi = "10.1002/cphc.200900976",
	issn = "1439-7641",
	journal = "ChemPhysChem",
	keywords = "ab initio calculations; computational chemistry; computational spectroscopy; density functional calculations; spectroscopy",
	number = "9",
	pages = "1812--1832",
	publisher = "WILEY-VCH Verlag",
	title = "{Environmental Effects in Computational Spectroscopy: Accuracy and Interpretation}",
	url = "http://dx.doi.org/10.1002/cphc.200900976",
	volume = "11",
	year = "2010"
}

@article{Trani_JCTC_DFTB,
	author = "Trani, Fabio and Barone, Vincenzo",
	doi = "10.1021/ct1006086",
	eprint = "http://pubs.acs.org/doi/pdf/10.1021/ct1006086",
	journal = "J. Chem. Theory Comput.",
	number = "3",
	pages = "713--719",
	title = "{Silicon Nanocrystal Functionalization: Analytic Fitting of DFTB Parameters}",
	url = "http://pubs.acs.org/doi/abs/10.1021/ct1006086",
	volume = "7",
	year = "2011"
}

@article{Bergdorf_JCP_PBCartifacts,
	author = "Bergdorf, Michael and Peter, Christine and H{\"u}nenberger, Philippe H.",
	collaboration = "",
	doi = "10.1063/1.1614202",
	journal = "J. Chem. Phys.",
	keywords = "solvation; digital simulation; electrostatics; free energy; integration",
	number = "17",
	pages = "9129--9144",
	publisher = "AIP",
	title = "{Influence of cut-off truncation and artificial periodicity of electrostatic interactions in molecular simulations of solvated ions: A continuum electrostatics study}",
	url = "http://link.aip.org/link/?JCP/119/9129/1",
	volume = "119",
	year = "2003"
}

@article{Rega_JACS_EnvMag,
author = {Rega, Nadia and Cossi, Maurizio and Barone, Vincenzo},
title = {Intrinsic and Environmental Effects in the Structure and Magnetic Properties of Glycine Radical in Aqueous Solution},
journal = {J. Am. Chem. Soc.},
volume = {119},
number = {52},
pages = {12962-12967},
year = {1997},
doi = {10.1021/ja971838y},
}

@article{Improta_JACS_Conf,
Author = {Benzi, C and Improta, R and Scalmani, G and Barone, V},
Title = {Quantum mechanical study of the conformational behavior of proline and
   4R-hydroxyproline dipeptide analogues in vacuum and in aqueous solution},
Journal = {J. Comput. Chem.},
Year = {2002},
Volume = {23},
Number = {3},
Pages = {341-350},
Month = {FEB},
Type = {Article},
}

@article{Rega_JACS_QMMMPCM,
	author = "Rega, Nadia and Cossi, Maurizio and Barone, Vincenzo",
	doi = "10.1021/ja974232i",
	eprint = "http://pubs.acs.org/doi/pdf/10.1021/ja974232i",
	journal = "J. Am. Chem. Soc.",
	number = "23",
	pages = "5723--5732",
	title = "{Structure and Magnetic Properties of Glycine Radical in Aqueous Solution at Different pH Values}",
	url = "http://pubs.acs.org/doi/abs/10.1021/ja974232i",
	volume = "120",
	year = "1998"
}

@article{Rega_JCP_ZnGLOB,
	author = "Rega, Nadia and Brancato, Giuseppe and Petrone, Alessio and Caruso, Pasquale and Barone, Vincenzo",
	collaboration = "",
	doi = "10.1063/1.3549827",
	eid = "074504",
	journal = "J. Chem. Phys.",
	keywords = "ab initio calculations; molecular dynamics method; positive ions; solutions; vibrational states; zinc",
	number = "7",
	numpages = "10",
	pages = "074504",
	publisher = "AIP",
	title = "{Vibrational analysis of x-ray absorption fine structure thermal factors by ab initio molecular dynamics: The Zn(II) ion in aqueous solution as a case study}",
	url = "http://link.aip.org/link/?JCP/134/074504/1",
	volume = "134",
	year = "2011"
}

@article{Warshel_CPL_SCAAS,
	author = "Warshel, A. and King, G.",
	doi = "10.1016/0009-2614(85)87168-2",
	issn = "0009-2614",
	journal = "Chem. Phys. Lett.",
	note = "",
	number = "1-2",
	pages = "124--129",
	title = "{Polarization constraints in molecular dynamics simulation of aqueous solutions: The surface constraint all atom solvent (SCAAS) model}",
	url = "http://www.sciencedirect.com/science/article/pii/0009261485871682",
	volume = "121",
	year = "1985"
}

@article{King_JCP_SCAAS2,
	author = "King, Gregory and Warshel, Arieh",
	collaboration = "",
	doi = "10.1063/1.456845",
	journal = "J. Chem. Phys.",
	keywords = "AQUEOUS SOLUTIONS; LIQUID STRUCTURE; SOLVATION; INTERMOLECULAR FORCES; PROTEINS; BOUNDARY CONDITIONS; CONSTRAINTS; DIELECTRIC PROPERTIES; MOLECULAR DYNAMICS CALCULATIONS; COMPUTERIZED SIMULATION",
	number = "6",
	pages = "3647--3661",
	publisher = "AIP",
	title = "{A surface constrained all-atom solvent model for effective simulations of polar solutions}",
	url = "http://link.aip.org/link/?JCP/91/3647/1",
	volume = "91",
	year = "1989"
}

@article{Crescenzi_JPCB_CP-PCM,
	author = "Crescenzi, Orlando and Pavone, Michele and {De Angelis}, Filippo and Barone, Vincenzo",
	doi = "10.1021/jp046334i",
	eprint = "http://pubs.acs.org/doi/pdf/10.1021/jp046334i",
	journal = "J. Phys. Chem. B",
	number = "1",
	pages = "445--453",
	title = "{Solvent Effects on the UV (n → π*) and NMR (13C and 17O) Spectra of Acetone in Aqueous Solution. An Integrated Car−Parrinello and DFT/PCM Approach}",
	url = "http://pubs.acs.org/doi/abs/10.1021/jp046334i",
	volume = "109",
	year = "2005"
}

@article{Bauernschmitt_CPL_TD,
	author = "Bauernschmitt, R{\"u}diger and Ahlrichs, Reinhart",
	doi = "10.1016/0009-2614(96)00440-X",
	issn = "0009-2614",
	journal = "Chem. Phys. Lett.",
	note = "",
	number = "4-5",
	pages = "454--464",
	title = "{Treatment of electronic excitations within the adiabatic approximation of time dependent density functional theory}",
	url = "http://www.sciencedirect.com/science/article/pii/000926149600440X",
	volume = "256",
	year = "1996"
}

@article{Casida_JCP_TD,
	author = "Casida, Mark E. and Jamorski, Christine and Casida, Kim C. and Salahub, Dennis R.",
	collaboration = "",
	doi = "10.1063/1.475855",
	journal = "J. Chem. Phys.",
	keywords = "bound states; density functional theory; excited states",
	number = "11",
	pages = "4439--4449",
	publisher = "AIP",
	title = "{Molecular excitation energies to high-lying bound states from time-dependent density-functional response theory: Characterization and correction of the time-dependent local density approximation ionization threshold}",
	url = "http://link.aip.org/link/?JCP/108/4439/1",
	volume = "108",
	year = "1998"
}

@article{Stratmann_JCP_TDDFT,
	author = "Stratmann, R. Eric and Scuseria, Gustavo E. and Frisch, Michael J.",
	collaboration = "",
	doi = "10.1063/1.477483",
	journal = "J. Chem. Phys.",
	keywords = "density functional theory; excited states; fullerenes",
	number = "19",
	pages = "8218--8224",
	publisher = "AIP",
	title = "{An efficient implementation of time-dependent density-functional theory for the calculation of excitation energies of large molecules}",
	url = "http://link.aip.org/link/?JCP/109/8218/1",
	volume = "109",
	year = "1998"
}

@article{Furche_JCP_TDDFT,
	author = "Furche, Filipp and Ahlrichs, Reinhart",
	collaboration = "",
	doi = "10.1063/1.1508368",
	journal = "J. Chem. Phys.",
	keywords = "excited states; density functional theory; configuration interactions; HF calculations; variational techniques; vibrational states",
	number = "16",
	pages = "7433--7447",
	publisher = "AIP",
	title = "{Adiabatic time-dependent density functional methods for excited state properties}",
	url = "http://link.aip.org/link/?JCP/117/7433/1",
	volume = "117",
	year = "2002"
}

@article{Scalmani_JCP_TDPCM,
	author = "Scalmani, Giovanni and Frisch, Michael J. and Mennucci, Benedetta and Tomasi, Jacopo and Cammi, Roberto and Barone, Vincenzo",
	collaboration = "",
	doi = "10.1063/1.2173258",
	eid = "094107",
	journal = "J. Chem. Phys.",
	keywords = "organic compounds; molecular configurations; excited states; density functional theory; solvent effects",
	number = "9",
	numpages = "15",
	pages = "094107",
	publisher = "AIP",
	title = "{Geometries and properties of excited states in the gas phase and in solution: Theory and application of a time-dependent density functional theory polarizable continuum model}",
	url = "http://link.aip.org/link/?JCP/124/094107/1",
	volume = "124",
	year = "2006"
}

@article{Cammi_JPCA_CISPCM,
	author = "Cammi, Roberto and Mennucci, Benedetta and Tomasi, Jacopo",
	doi = "10.1021/jp000156l",
	eprint = "http://pubs.acs.org/doi/pdf/10.1021/jp000156l",
	journal = "J. Phys. Chem. A",
	number = "23",
	pages = "5631--5637",
	title = "{Fast Evaluation of Geometries and Properties of Excited Molecules in Solution: A Tamm-Dancoff Model with Application to 4-Dimethylaminobenzonitrile}",
	url = "http://pubs.acs.org/doi/abs/10.1021/jp000156l",
	volume = "104",
	year = "2000"
}

@article{Cossi_JCP_TDPCM,
	author = "Cossi, Maurizio and Barone, Vincenzo",
	collaboration = "",
	doi = "10.1063/1.1394921",
	journal = "J. Chem. Phys.",
	keywords = "solvent effects; solutions; density functional theory; liquid theory; polarisability",
	number = "10",
	pages = "4708--4717",
	publisher = "AIP",
	title = "{Time-dependent density functional theory for molecules in liquid solutions}",
	url = "http://link.aip.org/link/?JCP/115/4708/1",
	volume = "115",
	year = "2001"
}

@article{Frisch_CP_2nd,
	author = "Frisch, Michael and Head-Gordon, Martin and Pople, John",
	doi = "10.1016/0301-0104(90)87055-G",
	issn = "0301-0104",
	journal = "Chem. Phys.",
	note = "",
	number = "2-3",
	pages = "189--196",
	title = "{Direct analytic SCF second derivatives and electric field properties}",
	url = "http://www.sciencedirect.com/science/article/pii/030101049087055G",
	volume = "141",
	year = "1990"
}

@article{Oniom2,
	address = "PO BOX 211, 1000 AE AMSTERDAM, NETHERLANDS",
	author = "Dapprich, S and Komaromi, I and Byun, KS and Morokuma, K and Frisch, MJ",
	journal = "J. Mol. Struct. - Theochem",
	keywords = "Oniom",
	month = apr,
	pages = "1--21",
	publisher = "ELSEVIER SCIENCE BV",
	times-cited = "399",
	title = "{A new ONIOM implementation in Gaussian98. Part I. The calculation of energies, gradients, vibrational frequencies and electric field derivatives}",
	volume = "461",
	year = "1999"
}

@article{Cammi_JCP_CCPCM,
	author = "Cammi, R.",
	journal = "J. Chem. Phys.",
	number = "16",
	title = "{Quantum cluster theory for the polarizable continuum model. I. The CCSD level with analytical first and second derivatives}",
	volume = "131",
	pages = "164104",
	year = "2009"
}

@article{Chipman_JCP_SSVPE,
	abstract = "In the reaction field theory of solvation, penetration of charge density outside the cavity nominally enclosing the solute leads to a volume polarization that contributes in addition to the commonly recognized surface polarization. In principle the exact volume polarization charge density is spread everywhere outside the cavity, but its effect can be closely and concisely simulated by a certain additional surface polarization charge density. Formal comparison is made to conductorlike screening models, and it is found that these improve on common approaches that neglect volume polarization by automatically including the simulation of volume polarization. A revised method to numerically determine this simulation is also described. (C) 1999 American Institute of Physics. [S0021-9606(99)51716-9].",
	address = "CIRCULATION \& FULFILLMENT DIV, 2 HUNTINGTON QUADRANGLE, STE 1 N O 1, MELVILLE, NY 11747-4501 USA",
	author = "Chipman, DM",
	bdsk-url-1 = "http://gateway.isiknowledge.com/gateway/Gateway.cgi?GWVersion=2\&SrcAuth=Alerting\&SrcApp=Alerting\&DestApp=WOS\&DestLinkType=FullRecord;KeyUT=000079739600042",
	date-added = "2010-08-02 14:39:07 +0200",
	date-modified = "2010-08-02 14:39:26 +0200",
	isi = "000079739600042",
	isi-recid = "109688004",
	isi-ref-recids = "93675536 100155969 104489213 106160386 282445 109688005 87259556 94746903 100903838 97691334 96183399 97660227 94746904 12263 94818346 98458602 90325303 83406024 105961244 89749937 32255857 99724725 103110010 42277946 28306253 13248 64062943 97074066 93061115 104977697 105469062 82357810 27348805 89313539 92742077 93195502 91953316 101588389 101786318 97673996 24302452 103465057 108483350 108094179",
	journal = "J. Chem. Phys.",
	keywords = "PCM",
	month = apr,
	number = "16",
	pages = "8012--8018",
	publisher = "AMER INST PHYSICS",
	times-cited = "42",
	title = "{Simulation of volume polarization in reaction field theory}",
	volume = "110",
	year = "1999"
}

@article{Cammi_JCC_Inversion,
	abstract = "We present a formal and numerical comparison between the iterative and matrix-inversion approaches of the polarizable continuum model. The formal analysis shows completely the equivalence of the two approaches. Numerical equivalence is also recovered, introducing in both methods the proper boundary conditions on the apparent charge distribution. (C) 1995 by John Wiley \& Sons, Inc.",
	address = "605 THIRD AVE, NEW YORK, NY 10158-0012",
	author = "Cammi, R and Tomasi, J",
	bdsk-url-1 = "http://gateway.isiknowledge.com/gateway/Gateway.cgi?GWVersion=2\&SrcAuth=Alerting\&SrcApp=Alerting\&DestApp=WOS\&DestLinkType=FullRecord;KeyUT=A1995TE61100001",
	date-added = "2010-08-02 13:13:49 +0200",
	date-modified = "2010-08-02 14:18:25 +0200",
	isi = "A1995TE61100001",
	isi-recid = "93611427",
	isi-ref-recids = "87259558 53519843 87259556 88333963 93611428 93611429 65576167 93611430 82357759 74571402 63011632 70828894 42277946 45391278 65405939 68111827 64062943 36865324 48566017 89313539 79243445 80912006 25246452 87259565 77739758 89669626",
	journal = "J. Comput. Chem.",
	keywords = "PCM",
	month = dec,
	number = "12",
	pages = "1449--1458",
	publisher = "JOHN WILEY \& SONS INC",
	times-cited = "405",
	title = "{REMARKS ON THE USE OF THE APPARENT SURFACE-CHARGES (ASC) METHODS IN SOLVATION PROBLEMS - ITERATIVE VERSUS MATRIX-INVERSION PROCEDURES AND THE RENORMALIZATION OF THE APPARENT CHARGES}",
	volume = "16",
	year = "1995"
}

@article{Barone_JCPA_CPCM,
	abstract = "A new implementation of the conductor-like screening solvation model (COSMO) in the GAUSSIAN94 package is presented. It allows Hartree-Fock (HF), density functional (DF) and post-I-IF energy, and HF and DF gradient calculations: the cavities are modeled on the molecular shape, using recently optimized parameters, and both electrostatic and nonelectrostatic contributions to energies and gradients are considered. The calculated solvation energies for 19 neutral molecules in water are found in very good agreement with experimental data; the solvent-induced geometry relaxation is studied for some closed and open shell molecules, at HF and DF levels. The computational times are very satisfying: the self-consistent energy evaluation needs a time 15-30\% longer than the corresponding procedure in vacuo, whereas the calculation of energy gradients is only 25\% longer than in vacuo for medium size molecules.",
	address = "1155 16TH ST, NW, WASHINGTON, DC 20036 USA",
	author = "Barone, V and Cossi, M",
	bdsk-url-1 = "http://gateway.isiknowledge.com/gateway/Gateway.cgi?GWVersion=2\&SrcAuth=Alerting\&SrcApp=Alerting\&DestApp=WOS\&DestLinkType=FullRecord;KeyUT=000072622400016",
	date-added = "2010-08-02 13:12:08 +0200",
	date-modified = "2010-08-02 14:18:35 +0200",
	isi = "000072622400016",
	isi-recid = "104489213",
	isi-ref-recids = "89313539 96228947 96228944 94792119 42277946 87259556 97660227 87241061 96211634 83406024 93675536 91953316 86916157 87340453 69381222 92772862 93061115 94116379 73616094 77739753 88823398 98280142 98280148 93611427 96228939 99724725 98458602 30232214 104489214 77033813 35793871 98280144 92742077 66947609 64798028 101786313 63726219 75033783 45305588 9771197 98662024 103570939 86414831 104489215",
	journal = "J. Phys. Chem. A",
	keywords = "PCM",
	month = mar,
	number = "11",
	pages = "1995--2001",
	publisher = "AMER CHEMICAL SOC",
	times-cited = "1474",
	title = "{Quantum calculation of molecular energies and energy gradients in solution by a conductor solvent model}",
	volume = "102",
	year = "1998"
}

@article{B3LYP,
	abstract = "{Despite the remarkable thermochemical accuracy of Kohn-Sham density-functional theories with gradient corrections for exchange-correlation {[}see, for example, A. D. Becke, J. Chem. Phys. 96, 2155 (1992)], we believe that further improvements are unlikely unless exact-exchange information is considered. Arguments to support this view are presented, and a semiempirical exchange-correlation functional containing local-spin-density, gradient, and exact-exchange terms is tested on 56 atomization energies, 42 ionization potentials, 8 proton affinities, and 10 total atomic energies of first- and second-row systems. This functional performs significantly better than previous functionals with gradient corrections only, and fits experimental atomization energies with an impressively small average absolute deviation of 2.4 kcal/mol.}",
	address = "{CIRCULATION FULFILLMENT DIV, 500 SUNNYSIDE BLVD, WOODBURY, NY 11797-2999}",
	affiliation = "{BECKE, AD (Reprint Author), QUEENS UNIV,DEPT CHEM,KINGSTON K7L 3N6,ONTARIO,CANADA.}",
	author = "Becke, AD",
	date-added = "2010-08-02 11:02:26 +0200",
	date-modified = "2010-08-02 14:18:10 +0200",
	doc-delivery-number = "{KV997}",
	issn = "{0021-9606}",
	journal = "{J. Chem. Phys.}",
	keywords = "Funzionali",
	keywords-plus = "{MOLECULAR-ENERGIES; GAUSSIAN-1 THEORY; 2ND-ROW COMPOUNDS; ELECTRON-GAS; APPROXIMATION; SURFACE}",
	language = "{English}",
	month = "{APR 1}",
	number = "{7}",
	number-of-cited-references = "{19}",
	pages = "{5648--5652}",
	publisher = "{AMER INST PHYSICS}",
	subject-category = "{Physics, Atomic, Molecular \& Chemical}",
	times-cited = "{25308}",
	title = "{DENSITY-FUNCTIONAL THERMOCHEMISTRY .3. THE ROLE OF EXACT EXCHANGE}",
	type = "{Article}",
	unique-id = "{ISI:A1993KV99700048}",
	volume = "{98}",
	year = "{1993}"
}

@article{wB97X-D,
	abstract = "{We report re-optimization of a recently proposed long-range corrected (LC) hybrid density functional {[}J.-D. Chai and M. Head-Gordon, J. Chem. Phys., 2008, 128, 084106] to include empirical atom-atom dispersion corrections. The resulting functional, omega B97X-D yields satisfactory accuracy for thermochemistry, kinetics, and non-covalent interactions. Tests show that for non-covalent systems, omega B97X-D shows slight improvement over other empirical dispersion-corrected density functionals, while for covalent systems and kinetics it performs noticeably better. Relative to our previous functionals, such as omega B97X, the new functional is significantly superior for non-bonded interactions, and very similar in performance for bonded interactions.}",
	address = "{THOMAS GRAHAM HOUSE, SCIENCE PARK, MILTON RD, CAMBRIDGE CB4 0WF, CAMBS, ENGLAND}",
	affiliation = "{Head-Gordon, M (Reprint Author), Univ Calif Berkeley, Dept Chem, Berkeley, CA 94720 USA. {[}Head-Gordon, Martin] Univ Calif Berkeley, Dept Chem, Berkeley, CA 94720 USA. Lawrence Berkeley Lab, Berkeley, CA 94720 USA.}",
	author = "Chai, Jeng-Da and Head-Gordon, Martin",
	author-email = "{mhg@cchem.berkeley.edu}",
	bdsk-url-1 = "http://dx.doi.org/10.1039/b810189b\%7D",
	date-added = "2010-08-02 11:02:26 +0200",
	date-modified = "2010-08-02 14:19:43 +0200",
	doc-delivery-number = "{370PT}",
	doi = "10.1039/b810189b",
	funding-acknowledgement = "{US Department of Energy }",
	funding-text = "{This work was supported by the US Department of Energy through the Chemistry Endstation project of the Petascale computing program. M. H. G. is a part-owner of Q-Chem Inc.}",
	issn = "{1463-9076}",
	journal = "{Phys. Chem. Chem. Phys.}",
	keywords = "Funzionali",
	keywords-plus = "{DER-WAALS INTERACTIONS; TRANSFER EXCITED-STATES; SELF-INTERACTION ERROR; RARE-GAS DIMERS; NONCOVALENT INTERACTIONS; THERMOCHEMICAL KINETICS; BENCHMARK DATABASE; DFT-D; COMPLEXES; ENERGIES}",
	language = "{English}",
	number = "{44}",
	number-of-cited-references = "{100}",
	pages = "{6615--6620}",
	publisher = "{ROYAL SOC CHEMISTRY}",
	subject-category = "{Chemistry, Physical; Physics, Atomic, Molecular \& Chemical}",
	times-cited = "{4}",
	title = "{Long-range corrected hybrid density functionals with damped atom-atom dispersion corrections}",
	type = "{Article}",
	unique-id = "{ISI:000260775400004}",
	volume = "{10}",
	year = "{2008}"
}

@article{CAM-B3LYP,
	abstract = "{A new hybrid exchange-correlation functional named CAM-B3LYP is proposed. It combines the hybrid qualities of B3LYP and the long-range correction presented by Tawada et al. {[}J. Chem. Phys., in press]. We demonstrate that CAM-B3LYP yields atomization energies of similar quality to those from B3LYP, while also performing well for charge transfer excitations in a dipeptide model, which B3LYP underestimates enormously. The CAM-B3LYP functional comprises of 0.19 Hartree-Fock (HF) plus 0.81 Becke 1988 (1388) exchange interaction at short-range, and 0.65 HF plus 0.35 B88 at long-range. The intermediate region is smoothly described through the standard error function with parameter 0.33. (C) 2004 Elsevier B.V. All rights reserved.}",
	address = "{PO BOX 211, 1000 AE AMSTERDAM, NETHERLANDS}",
	affiliation = "{Yanai, T (Reprint Author), Oak Ridge Natl Lab, POB 2008,MS6367, Oak Ridge, TN 37831 USA. Oak Ridge Natl Lab, Oak Ridge, TN 37831 USA. Univ Cambridge, Dept Chem, Cambridge CB2 1EW, England.}",
	author = "Yanai, T and Tew, DP and Handy, NC",
	author-email = "{yanait@ornl.gov}",
	bdsk-url-1 = "http://dx.doi.org/10.1016/j.cplett.2004.06.011\%7D",
	date-added = "2010-08-02 11:02:26 +0200",
	date-modified = "2010-08-02 14:19:25 +0200",
	doc-delivery-number = "{840VJ}",
	doi = "10.1016/j.cplett.2004.06.011",
	issn = "{0009-2614}",
	journal = "{Chem. Phys. Lett.}",
	keywords = "Funzionali",
	keywords-plus = "{ELECTRONIC EXCITATIONS; DENSITY FUNCTIONALS; APPROXIMATION; ENERGIES; GAUSSIAN-2}",
	language = "{English}",
	month = "{JUL 21}",
	number = "{1-3}",
	number-of-cited-references = "{30}",
	pages = "{51--57}",
	publisher = "{ELSEVIER SCIENCE BV}",
	subject-category = "{Chemistry, Physical; Physics, Atomic, Molecular \& Chemical}",
	times-cited = "{210}",
	title = "{A new hybrid exchange-correlation functional using the Coulomb-attenuating method (CAM-B3LYP)}",
	type = "{Article}",
	unique-id = "{ISI:000222887700010}",
	volume = "{393}",
	year = "{2004}"
}

@article{Cossi_JCP_NewDevelopments,
	abstract = "The polarizable continuum model (PCM), used for the calculation of molecular energies, structures, and properties in liquid solution has been deeply revised, in order to extend its range of applications and to improve its accuracy. The main changes effect the definition of solute cavities, of solvation charges and of the PCM operator added to the molecular Hamiltonian, as well as the calculation of energy gradients, to be used in geometry optimizations. The procedure can be equally applied to quantum mechanical and to classical calculations; as shown also with a number of numerical tests, this PCM formulation is very efficient and reliable. It can also be applied to very large solutes, since all the bottlenecks have been eliminated to obtain a procedure whose time and memory requirements scale linearly with solute size. The present procedure can be used to compute solvent effects at a number of different levels of theory on almost all the chemical systems which can be studied in vacuo. (C) 2002 American Institute of Physics.",
	address = "CIRCULATION \& FULFILLMENT DIV, 2 HUNTINGTON QUADRANGLE, STE 1 N O 1, MELVILLE, NY 11747-4501 USA",
	author = "Cossi, M and Scalmani, G and Rega, N and Barone, V",
	bdsk-url-1 = "http://gateway.isiknowledge.com/gateway/Gateway.cgi?GWVersion=2\&SrcAuth=Alerting\&SrcApp=Alerting\&DestApp=WOS\&DestLinkType=FullRecord;KeyUT=000176275700007",
	date-added = "2010-08-02 10:58:46 +0200",
	date-modified = "2010-08-02 14:19:04 +0200",
	doi = "10.1063/1.1480445",
	isi = "000176275700007",
	isi-recid = "125287055",
	isi-ref-recids = "109479722 121808220 122355842 108982269 80552286 104489213 101786313 9771197 110142194 93611427 106471125 101786262 106471124 94887207 114166628 100903838 109688004 94746903 59517594 105151428 112047242 96228939 113522621 107318179 121235375 94116379 104941570 119131590 117365864 97691334 111371037 110627499 114074614 97660227 124173272 119091656 99675793 114278991 120590251 103110010 109580622 120957535 106470089 42277946 88823398 106441209 120028021 40782145 107124059 91322570 81700362 111021926 106709429 109771625 76708915 96228947 125287056 125287057 94121129 100979834 107326900 89313539 91953316 95868666 84238637 84238629 92525488 108483350",
	journal = "J. Chem. Phys.",
	keywords = "PCM",
	month = jul,
	number = "1",
	pages = "43--54",
	publisher = "AMER INST PHYSICS",
	times-cited = "743",
	title = "{New developments in the polarizable continuum model for quantum mechanical and classical calculations on molecules in solution}",
	volume = "117",
	year = "2002"
}

@article{Cances_JCP_EDIIS,
	author = "Kudin, Konstantin N. and Canc{\`e}s, Eric and Scuseria, Gustavo E.",
	bdsk-url-1 = "http://dx.doi.org/10.1063/1.1470195",
	date-added = "2010-08-02 10:34:08 +0200",
	date-modified = "2010-08-02 14:20:35 +0200",
	doi = "10.1063/1.1470195",
	issn = "10897690",
	journal = "J. Chem. Phys.",
	keywords = "DIIS",
	number = "19",
	pages = "8255--8261",
	title = "{A black-box self-consistent field convergence algorithm: One step closer}",
	volume = "116",
	year = "2002"
}

@article{Lipparini_JCP_VPCM,
	address = "CIRCULATION \& FULFILLMENT DIV, 2 HUNTINGTON QUADRANGLE, STE 1 N O 1, MELVILLE, NY 11747-4501 USA",
	author = "Lipparini, Filippo and Scalmani, Giovanni and Mennucci, Benedetta and Canc{\`e}s, Eric and Caricato, Marco and Frisch, Michael J.",
	doi = "10.1063/1.3454683",
	journal = "J. Chem. Phys.",
	keywords = "PCM",
	month = jul,
	number = "1",
	pages = "014106",
	publisher = "AMER INST PHYSICS",
	times-cited = "0",
	title = "{A variational formulation of the polarizable continuum model}",
	volume = "133",
	year = "2010"
}

@article{Hillier_JMS_QMMM,
	author = "Hillier, Ian H.",
	doi = "10.1016/S0166-1280(98)00391-1",
	issn = "0166-1280",
	journal = "J. Mol. Struct. - Theochem",
	number = "1-2",
	pages = "45--52",
	title = "{Chemical reactivity studied by hybrid QM/MM methods}",
	volume = "463",
	year = "1999"
}

@article{Curutchet_JCTC_MMPol,
	author = "Curutchet, Carles and Mu{\~n}oz-Losa, Aurora and Monti, Susanna and Kongsted, Jacob and Scholes, Gregory D. and Mennucci, Benedetta",
	doi = "10.1021/ct9001366",
	eprint = "http://pubs.acs.org/doi/pdf/10.1021/ct9001366",
	journal = "J. Chem. Theory Comput.",
	number = "7",
	pages = "1838--1848",
	title = "{Electronic Energy Transfer in Condensed Phase Studied by a Polarizable QM/MM Model}",
	url = "http://pubs.acs.org/doi/abs/10.1021/ct9001366",
	volume = "5",
	year = "2009"
}

@article{Barone_JCP_VPT2,
	author = "Barone, Vincenzo",
	collaboration = "",
	doi = "10.1063/1.1824881",
	eid = "014108",
	journal = "J. Chem. Phys",
	keywords = "vibrational states",
	number = "1",
	numpages = "10",
	pages = "014108",
	publisher = "AIP",
	title = "{Anharmonic vibrational properties by a fully automated second-order perturbative approach}",
	url = "http://link.aip.org/link/?JCP/122/014108/1",
	volume = "122",
	year = "2005"
}

@article{Brancato_JCP_GLOB2,
	author = "Brancato, Giuseppe and Nola, Alfredo Di and Barone, Vincenzo and Amadei, Andrea",
	collaboration = "",
	doi = "10.1063/1.1877172",
	eid = "154109",
	journal = "J. Chem. Phys",
	keywords = "water",
	number = "15",
	numpages = "9",
	pages = "154109",
	publisher = "AIP",
	title = "{A mean field approach for molecular simulations of fluid systems}",
	url = "http://link.aip.org/link/?JCP/122/154109/1",
	volume = "122",
	year = "2005"
}

@article{Brancato_JCP_GLOB,
	author = "Brancato, Giuseppe and Rega, Nadia and Barone, Vincenzo",
	collaboration = "",
	doi = "10.1063/1.2202356",
	eid = "214505",
	journal = "J. Chem. Phys",
	keywords = "molecular dynamics method",
	number = "21",
	numpages = "9",
	pages = "214505",
	publisher = "AIP",
	title = "{Reliable molecular simulations of solute-solvent systems with a minimum number of solvent shells}",
	url = "http://link.aip.org/link/?JCP/124/214505/1",
	volume = "124",
	year = "2006"
}

@article{Brancato_TCA_GLOB4,
	affiliation = "Universit{\`a} Federico II Dipartimento di Chimica and INSTM Complesso Monte S. Angelo, Via Cintia 80126 Naples Italy Complesso Monte S. Angelo, Via Cintia 80126 Naples Italy",
	author = "Brancato, Giuseppe and Barone, Vincenzo and Rega, Nadia",
	doi = "10.1007/s00214-006-0216-z",
	issn = "1432-881X",
	issue = "5",
   	journal = {Theor. Chem. Acc.},
	keyword = "Physics and Astronomy",
	pages = "1001--1015",
	publisher = "Springer Berlin / Heidelberg",
	title = "{Theoretical modeling of spectroscopic properties of molecules in solution: toward an effective dynamical discrete/continuum approach}",
	url = "http://dx.doi.org/10.1007/s00214-006-0216-z",
	volume = "117",
	year = "2007"
}

@article{Chen_CPL_QTPIE,
	address = "{PO BOX 211, 1000 AE AMSTERDAM, NETHERLANDS}",
	author = "Chen, Jiahao and Martinez, Todd J.",
	author-email = "{chen6@uiue.edu}",
	doc-delivery-number = "{347OH}",
	doi = "10.1016/j.cplett.2008.08.060",
	issn = "{0009-2614}",
	journal = "{Chem. Phys. Lett.}",
	language = "{English}",
	month = "{SEP 22}",
	number = "{1-3}",
	number-of-cited-references = "{3}",
	pages = "{288}",
	publisher = "{ELSEVIER SCIENCE BV}",
	times-cited = "{0}",
	title = "{QTPIE: Charge transfer with polarization current equalization. A fluctuating charge model with correct asymptotics (vol 438, pg 315, 2007)}",
	type = "{Correction}",
	unique-id = "{ISI:000259150400057}",
	volume = "{463}",
	year = "{2008}"
}

@article{Chelli_JCP_FQCT,
	author = "Chelli, Riccardo and Pagliai, Marco and Procacci, Piero and Cardini, Gianni and Schettino, Vincenzo",
	collaboration = "",
	doi = "10.1063/1.1851504",
	eid = "074504",
	journal = "J. Chem. Phys.",
	keywords = "polarisation",
	number = "7",
	numpages = "10",
	pages = "074504",
	publisher = "AIP",
	title = "{Polarization response of water and methanol investigated by a polarizable force field and density functional theory calculations: Implications for charge transfer}",
	url = "http://link.aip.org/link/?JCP/122/074504/1",
	volume = "122",
	year = "2005"
}

@article{Yoshida_PLA_Symp,
	author = "Yoshida, Haruo",
	doi = "10.1016/0375-9601(90)90092-3",
	issn = "0375-9601",
	journal = "Phys. Lett. A",
	note = "",
	number = "5-7",
	pages = "262--268",
	title = "{Construction of higher order symplectic integrators}",
	url = "http://www.sciencedirect.com/science/article/B6TVM-46MDCD1-X8/2/5b6430b0b57d6147fde01de18f696745",
	volume = "150",
	year = "1990"
}

@article{Soper_CP_GdR,
	author = "Soper, A. K. and Phillips, M. G.",
	doi = "10.1016/0301-0104(86)85058-3",
	issn = "0301-0104",
	journal = "Chem. Phys.",
	note = "",
	number = "1",
	pages = "47--60",
	title = "{A new determination of the structure of water at 25°C}",
	url = "http://www.sciencedirect.com/science/article/B6TFM-44FNBJM-M0/2/596c941e48e09d004598b688e36019b0",
	volume = "107",
	year = "1986"
}

@book{Ern_Libro_FiniteElements,
	abstract = "an overview of standard and non standard finite element methods from theoritical foundations to implementations.",
	author = "Ern, A. and Guermond, J.-L.",
	chapter = "2",
	pages = "81--84",
	publisher = "Springer",
	series = "{Applied Mathematical Sciences}",
	title = "{Theory and Practice of Finite Elements}",
	volume = "159",
	year = 2004
}

@incollection{Barone_Libro_QMMM,
	author = "Barone, Vincenzo and Biczysko, Malgorzata and Brancato, Giuseppe",
	booktitle = "{Combining Quantum Mechanics and Molecular Mechanics. Some Recent Progresses in QM/MM Methods}",
	doi = "10.1016/S0065-3276(10)59002-6",
	editor = "Sabin, J. R. and Canuto, S.",
	issn = "0065-3276",
	pages = "17--57",
	publisher = "Academic Press",
	series = "{Advances in Quantum Chemistry}",
	title = "{Extending the Range of Computational Spectroscopy by QM/MM Approaches: Time-Dependent and Time-Independent Routes}",
	url = "http://www.sciencedirect.com/science/article/pii/S0065327610590026",
	volume = "59",
	year = "2010"
}

@article{Chelli_JCP_FQ,
	author = "Chelli, Riccardo and Procacci, Piero",
	collaboration = "",
	doi = "10.1063/1.1515773",
	journal = "J. Chem. Phys.",
	keywords = "intermolecular mechanics",
	number = "20",
	pages = "9175--9189",
	publisher = "AIP",
	title = "{A transferable polarizable electrostatic force field for molecular mechanics based on the chemical potential equalization principle}",
	url = "http://link.aip.org/link/?JCP/117/9175/1",
	volume = "117",
	year = "2002"
}

@article{Louwen_JMCA_kernel,
	author = "Louwen, Jaap N. and Vogt, Eelco T. C.",
	doi = "10.1016/S1381-1169(98)00023-5",
	issn = "1381-1169",
	journal = "J. Mol. Catal. A",
	keywords = "Computational chemistry",
	note = "",
	number = "1-3",
	pages = "63--77",
	title = "{Semi-empirical atomic charges for use in computational chemistry of molecular sieves}",
	url = "http://www.sciencedirect.com/science/article/pii/S1381116998000235",
	volume = "134",
	year = "1998"
}

@article{Chelli_JCP_FQMeth,
	author = "Chelli, Riccardo and Ciabatti, Sonia and Cardini, Gianni and Righini, Roberto and Procacci, Piero",
	collaboration = "",
	doi = "10.1063/1.479720",
	journal = "J. Chem. Phys.",
	keywords = "organic compounds",
	number = "9",
	pages = "4218--4229",
	publisher = "AIP",
	title = "{Calculation of optical spectra in liquid methanol using molecular dynamics and the chemical potential equalization method}",
	url = "http://link.aip.org/link/?JCP/111/4218/1",
	volume = "111",
	year = "1999"
}

@article{Lee_JCP_FQCT,
	author = "Lee, Alexis J. and Rick, Steven W.",
	collaboration = "",
	doi = "10.1063/1.3589419",
	eid = "184507",
	journal = "J. Chem. Phys.",
	keywords = "charge exchange",
	number = "18",
	numpages = "9",
	pages = "184507",
	publisher = "AIP",
	title = "{The effects of charge transfer on the properties of liquid water}",
	url = "http://link.aip.org/link/?JCP/134/184507/1",
	volume = "134",
	year = "2011"
}

@article{lamoureux_JCP_Drude,
	author = "Lamoureux, Guillaume and Roux, Beno{\^i}t",
	collaboration = "",
	doi = "10.1063/1.1589749",
	journal = "J. Chem. Phys.",
	keywords = "molecular dynamics method",
	number = "6",
	pages = "3025--3039",
	publisher = "AIP",
	title = "{Modeling induced polarization with classical Drude oscillators: Theory and molecular dynamics simulation algorithm}",
	url = "http://link.aip.org/link/?JCP/119/3025/1",
	volume = "119",
	year = "2003"
}

@article{Bond_JCPh_NHP,
	author = "Bond, Stephen D. and Leimkuhler, Benedict J. and Laird, Brian B.",
	doi = "10.1006/jcph.1998.6171",
	issn = "0021-9991",
	journal = "J. Comput. Phys.",
	note = "",
	number = "1",
	pages = "114--134",
	title = "{The Nos{\'e}-Poincar{\'e} Method for Constant Temperature Molecular Dynamics}",
	url = "http://www.sciencedirect.com/science/article/pii/S002199919896171X",
	volume = "151",
	year = "1999"
}

@article{Improta_TCA_EPR,
	affiliation = "Dipartimento di Chimica, Universit{\`a} Federico II, Via Mezzocannone 4, 80134 Naples, Italy IT",
	author = "Improta, R. and di Matteo, A. and Barone, V.",
	issn = "1432-881X",
	issue = "3",
	journal = "Theor. Chem. Acc.",
	keyword = "Physics and Astronomy",
	note = "10.1007/s002140000122",
	pages = "273--279",
	publisher = "Springer Berlin / Heidelberg",
	title = "{Effective modeling of intrinsic and environmental effects on the structure and electron plaramagnetic resonance parameters of nitroxides by an integrated quantum mechanical/molecular mechanics/polarizable continuum model approach}",
	url = "http://dx.doi.org/10.1007/s002140000122",
	volume = "104",
	year = "2000"
}

@article{Cui_JCP_QMMMPCM,
	author = "Cui, Qiang",
	collaboration = "",
	doi = "10.1063/1.1499481",
	journal = "J. Chem. Phys.",
	keywords = "organic compounds",
	number = "10",
	pages = "4720--4728",
	publisher = "AIP",
	title = "{Combining implicit solvation models with hybrid quantum mechanical/molecular mechanical methods: A critical test with glycine}",
	url = "http://link.aip.org/link/?JCP/117/4720/1",
	volume = "117",
	year = "2002"
}

@article{Barone_PCCP_QMMMPCM,
	author = "Barone, Vincenzo and Bloino, Julien and Monti, Susanna and Pedone, Alfonso and Prampolini, Giacomo",
	doi = "10.1039/C002722G",
	issue = "35",
	journal = "Phys. Chem. Chem. Phys.",
	pages = "10550--10561",
	publisher = "The Royal Society of Chemistry",
	title = "{Theoretical multilevel approach for studying the photophysical properties of organic dyes in solution}",
	url = "http://dx.doi.org/10.1039/C002722G",
	volume = "12",
	year = "2010"
}

@article{Elstner_PRB_DFTB,
	author = "Elstner, M. and Porezag, D. and Jungnickel, G. and Elsner, J. and Haugk, M. and Frauenheim, Th. and Suhai, S. and Seifert, G.",
	doi = "10.1103/PhysRevB.58.7260",
	journal = "Phys. Rev. B",
	month = "Sep",
	number = "11",
	numpages = "8",
	pages = "7260--7268",
	publisher = "American Physical Society",
	title = "{Self-consistent-charge density-functional tight-binding method for simulations of complex materials properties}",
	volume = "58",
	year = "1998"
}

@article{Smith_JCP_PBCartifacts,
	author = "Smith, Paul E. and Pettitt, B. Montgomery",
	collaboration = "",
	doi = "10.1063/1.472246",
	journal = "J. Chem. Phys.",
	keywords = "COMPUTERIZED SIMULATION",
	number = "10",
	pages = "4289--4293",
	publisher = "AIP",
	title = "{Ewald artifacts in liquid state molecular dynamics simulations}",
	url = "http://link.aip.org/link/?JCP/105/4289/1",
	volume = "105",
	year = "1996"
}

@article{Huenenberger_JCP_PBCartifacts,
	author = "H{\"u}nenberger, Philippe H. and McCammon, J. Andrew",
	collaboration = "",
	doi = "10.1063/1.477873",
	journal = "J. Chem. Phys.",
	keywords = "solutions",
	number = "4",
	pages = "1856--1872",
	publisher = "AIP",
	title = "{Ewald artifacts in computer simulations of ionic solvation and ion--ion interaction: A continuum electrostatics study}",
	url = "http://link.aip.org/link/?JCP/110/1856/1",
	volume = "110",
	year = "1999"
}

@article{Sham_JCP_SCAAS4,
	author = "Sham, Yuk Yin and Warshel, Arieh",
	collaboration = "",
	doi = "10.1063/1.477441",
	journal = "J. Chem. Phys.",
	keywords = "solvation",
	number = "18",
	pages = "7940--7944",
	publisher = "AIP",
	title = "{The surface constraint all atom model provides size independent results in calculations of hydration free energies}",
	url = "http://link.aip.org/link/?JCP/109/7940/1",
	volume = "109",
	year = "1998"
}

@article{Luzhkov_JCC_SCAAS3,
	author = "Luzhkov, V. and Warshel, A.",
	doi = "10.1002/jcc.540130212",
	issn = "1096-987X",
	journal = "J. Comput. Chem.",
	number = "2",
	pages = "199--213",
	publisher = "John Wiley \& Sons, Inc.",
	title = "{Microscopic models for quantum mechanical calculations of chemical processes in solutions: LD/AMPAC and SCAAS/AMPAC calculations of solvation energies}",
	url = "http://dx.doi.org/10.1002/jcc.540130212",
	volume = "13",
	year = "1992"
}

@article{Brancato_CPL_NPT,
	author = "Brancato, Giuseppe and Rega, Nadia and Barone, Vincenzo",
	doi = "10.1016/j.cplett.2009.10.069",
	issn = "0009-2614",
	journal = "Chem. Phys. Lett.",
	note = "",
	number = "1-3",
	pages = "177--181",
	title = "{Molecular dynamics simulations in a NpT ensemble using non-periodic boundary conditions}",
	url = "http://www.sciencedirect.com/science/article/pii/S0009261409013621",
	volume = "483",
	year = "2009"
}

@article{CharMM_JCC_FQ2,
	address = "{111 RIVER ST, HOBOKEN, NJ 07030 USA}",
	author = "Patel, S and Mackerell, AD and Brooks, CL",
	doi = "10.1002/jcc.20077",
	journal = "{J Comput. Chem.}",
	journal-iso = "{J. Comput. Chem.}",
	keywords = "{molecular simulations; polarizable protein force field; charge equilibration; molecular dynamics}",
	month = "{SEP}",
	number = "{12}",
	pages = "{1504--1514}",
	publisher = "{JOHN WILEY \& SONS INC}",
	title = "{CHARMM fluctuating charge force field for proteins: II - Protein/solvent properties from molecular dynamics simulations using a nonadditive electrostatic model}",
	type = "{Article}",
	volume = "{25}",
	year = "{2004}"
}

@article{CharMM_JCC_FQ1,
	address = "{111 RIVER ST, HOBOKEN, NJ 07030 USA}",
	affiliation = "{Brooks, CL (Reprint Author), Scripps Res Inst, Dept Mol Biol TPC6, 10550 N Torrey Pines Rd, La Jolla, CA 92037 USA. Scripps Res Inst, Dept Mol Biol TPC6, La Jolla, CA 92037 USA.}",
	author = "Patel, S and Brooks, CL",
	doc-delivery-number = "{753DC}",
	doi = "10.1002/jcc.10355",
	issn = "{0192-8651}",
	journal = "{J Comput. Chem.}",
	journal-iso = "{J. Comput. Chem.}",
	keywords = "{molecular simulations; polarizable force field; charge equilibration; density functional theory}",
	keywords-plus = "{MOLECULAR-DYNAMICS SIMULATIONS; POLARIZABLE POTENTIAL MODEL; CAR-PARRINELLO EQUATIONS; INITIO QUANTUM-CHEMISTRY; PARTICLE MESH EWALD; AB-INITIO; CHLORIDE-ION; ELECTROSTATIC POTENTIALS; COMPUTER-SIMULATION; DIELECTRIC-CONSTANT}",
	language = "{English}",
	month = "{JAN 15}",
	number = "{1}",
	number-of-cited-references = "{80}",
	pages = "{1--15}",
	publisher = "{JOHN WILEY \& SONS INC}",
	subject-category = "{Chemistry, Multidisciplinary}",
	times-cited = "{128}",
	title = "{CHARMM fluctuating charge force field for proteins: I parameterization and application to bulk organic liquid simulations}",
	type = "{Article}",
	unique-id = "{ISI:000187215800001}",
	volume = "{25}",
	year = "{2004}"
}

@article{Lipparini_JCTC_MMPol,
	address = "{1155 16TH ST, NW, WASHINGTON, DC 20036 USA}",
	author = "Lipparini, Filippo and Barone, Vincenzo",
	author-email = "{f.lipparini@sns.it}",
	doi = "10.1021/ct200376z",
	issn = "{1549-9618}",
	journal = "J. Chem. Theory Comput.",
	language = "{English}",
	month = "{NOV}",
	number = "{11}",
	pages = "{3711--3724}",
	publisher = "{AMER CHEMICAL SOC}",
	title = "{Polarizable Force Fields and Polarizable Continuum Model: A Fluctuating Charges/PCM Approach. 1. Theory and Implementation}",
	type = "{Article}",
	unique-id = "{ISI:000296597300027}",
	volume = "{7}",
	year = "{2011}"
}

@article{Bryce_JCP_QMFQ2,
author = {Richard A. Bryce and Mark A. Vincent and Nathaniel O. J. Malcolm and Ian H. Hillier and Neil A. Burton},
collaboration = {},
title = {Cooperative effects in the structuring of fluoride water clusters: Ab initio hybrid quantum mechanical/molecular mechanical model incorporating polarizable fluctuating charge solvent},
publisher = {AIP},
year = {1998},
journal = {J. Chem. Phys.},
volume = {109},
number = {8},
pages = {3077-3085},
keywords = {fluorine; water; negative ions; molecular clusters; molecular configurations; ab initio calculations; solvation; density functional theory; hydrogen bonds},
url = {http://link.aip.org/link/?JCP/109/3077/1},
doi = {10.1063/1.476900}
}

@article{Bryce_CPL_QMFQ1,
title = "A solvation model using a hybrid quantum mechanical/molecular mechanical potential with fluctuating solvent charges",
journal = "Chem. Phys. Lett.",
volume = "279",
number = "5-6",
pages = "367 - 371",
year = "1997",
note = "",
issn = "0009-2614",
doi = "10.1016/S0009-2614(97)01061-0",
url = "http://www.sciencedirect.com/science/article/pii/S0009261497010610",
author = "Richard A. Bryce and Robert Buesnel and Ian H. Hillier and Neil A. Burton"
}

@article{Bryce_JPCA_QMFQ3,
author = {Bryce, Richard A. and Vincent, Mark A. and Hillier, Ian H.},
title = {Binding Energy of F(H2O)- and the Simulation of Fluoride Water Clusters Using a Hybrid QM/MM (Fluctuating Charge) Potential},
journal = {J. Phys. Chem. A},
volume = {103},
number = {20},
pages = {4094-4100},
year = {1999},
doi = {10.1021/jp9900990},

URL = {http://pubs.acs.org/doi/abs/10.1021/jp9900990},
eprint = {http://pubs.acs.org/doi/pdf/10.1021/jp9900990}
}

@article{ Pascual_JCC_GEPOL,
Author = {Pascualahuir, JL and Silla, E and Tunon, I},
Title = {{GEPOL - AN IMPROVED DESCRIPTION OF MOLECULAR-SURFACES .3. A NEW
   ALGORITHM FOR THE COMPUTATION OF A SOLVENT-EXCLUDING SURFACE}},
Year = {{1994}},
Volume = {{15}},
Number = {{10}},
Pages = {{1127-1138}},
Month = {{OCT}},
Publisher = {{JOHN WILEY \& SONS INC}},
Address = {{605 THIRD AVE, NEW YORK, NY 10158-0012}},
Type = {{Article}}
}

@article{Barone_JCP_Cavity,
author = {Vincenzo Barone and Maurizio Cossi and Jacopo Tomasi},
collaboration = {},
title = {A new definition of cavities for the computation of solvation free energies by the polarizable continuum model},
publisher = {AIP},
year = {1997},
journal = {J. Chem. Phys.},
volume = {107},
number = {8},
pages = {3210-3221},
keywords = {solvation; free energy; HF calculations},
url = {http://link.aip.org/link/?JCP/107/3210/1},
doi = {10.1063/1.474671}
}
@article{Floris_JCC_Dis1,
author = {Floris, F. and Tomasi, J.},
title = {Evaluation of the dispersion contribution to the solvation energy. A simple computational model in the continuum approximation},
journal = {Journal of Computational Chemistry},
volume = {10},
number = {5},
publisher = {John Wiley & Sons, Inc.},
issn = {1096-987X},
url = {http://dx.doi.org/10.1002/jcc.540100504},
doi = {10.1002/jcc.540100504},
pages = {616--627},
year = {1989},
}

@article{Floris_JCC_Dis2,
author = {Floris, F. M. and Tomasi, J. and Ahuir, J. L. Pascual},
title = {Dispersion and repulsion contributions to the solvation energy: Refinements to a simple computational model in the continuum approximation},
journal = {Journal of Computational Chemistry},
volume = {12},
number = {7},
publisher = {John Wiley & Sons, Inc.},
issn = {1096-987X},
url = {http://dx.doi.org/10.1002/jcc.540120703},
doi = {10.1002/jcc.540120703},
pages = {784--791},
year = {1991},
}
@article{Amovilli_JPCB_Dis,
Author = {Amovilli, C and Mennucci, B},
Title = {{Self-consistent-field calculation of Pauli repulsion and dispersion
   contributions to the solvation free energy in the polarizable continuum
   model}},
Year = {{1997}},
Volume = {{101}},
Number = {{6}},
Pages = {{1051-1057}},
DOI = {{10.1021/jp9621991}},
Journal = {{J. Phys. Chem. B}},
}

@article{Hillier_JMS_QMFQApp,
title = "Chemical reactivity studied by hybrid QM/MM methods",
journal = "J. Mol. Struct. - Theochem",
volume = "463",
number = "1-2",
pages = "45 - 52",
year = "1999",
issn = "0166-1280",
doi = "10.1016/S0166-1280(98)00391-1",
author = "Ian H Hillier"
}

@article{Bakowies_JPC_QMMM,
author = {Bakowies, Dirk and Thiel, Walter},
title = {Hybrid Models for Combined Quantum Mechanical and Molecular Mechanical Approaches},
journal = {J. Phys. Chem.},
volume = {100},
number = {25},
pages = {10580-10594},
year = {1996}
}

@article{Field_MolPhys_QMFQ,
author = {Field, Martin J.},
title = {Hybrid quantum mechanical/molecular mechanical fluctuating charge models for condensed phase simulations},
journal = {Mol. Phys.},
volume = {91},
number = {5},
pages = {835-846},
year = {1997},
doi = {10.1080/002689797170941},

URL = {http://www.tandfonline.com/doi/abs/10.1080/002689797170941},
eprint = {http://www.tandfonline.com/doi/pdf/10.1080/002689797170941}
}

@article{Gao_Science_QMMM,
author = {Gao, J and Xia, X},
title = {A priori evaluation of aqueous polarization effects through Monte Carlo QM-MM simulations},
volume = {258},
number = {5082},
pages = {631-635},
year = {1992},
journal = {Science}
}

@article{Thompson_JPC_QMMMPol,
author = {Thompson, Mark A.},
title = {QM/MMpol:  A Consistent Model for Solute/Solvent Polarization. Application to the Aqueous Solvation and Spectroscopy of Formaldehyde, Acetaldehyde, and Acetone},
journal = {J. Phys. Chem.},
volume = {100},
number = {34},
pages = {14492-14507},
year = {1996},
doi = {10.1021/jp960690m},

URL = {http://pubs.acs.org/doi/abs/10.1021/jp960690m},
eprint = {http://pubs.acs.org/doi/pdf/10.1021/jp960690m}
}

@article{Field_JCC_QMCHarMM,
author = {Field, Martin J. and Bash, Paul A. and Karplus, Martin},
title = {A combined quantum mechanical and molecular mechanical potential for molecular dynamics simulations},
journal = {J. Comput. Chem.},
volume = {11},
number = {6},
publisher = {John Wiley \& Sons, Inc.},
issn = {1096-987X},
url = {http://dx.doi.org/10.1002/jcc.540110605},
doi = {10.1002/jcc.540110605},
pages = {700--733},
year = {1990},
}

@article{Gao_JPCA_QMMM,
author = {Gao, Jiali and Freindorf, Marek},
title = {Hybrid ab Initio QM/MM Simulation of N-Methylacetamide in Aqueous Solution},
journal = {J. Phys. Chem. A},
volume = {101},
number = {17},
pages = {3182-3188},
year = {1997},
doi = {10.1021/jp970041q},

URL = {http://pubs.acs.org/doi/abs/10.1021/jp970041q},
eprint = {http://pubs.acs.org/doi/pdf/10.1021/jp970041q}
}
@article{Martin_JCP_MCSCFMM,
author = {M. E. Mart\'{\i}n and M. L. S\'{a}nchez and F. J. Olivares del Valle and M. A. Aguilar},
collaboration = {},
title = {A multiconfiguration self-consistent field/molecular dynamics study of the (n --> pi[sup *])[sup 1] transition of carbonyl compounds in liquid water},
publisher = {AIP},
year = {2000},
journal = {J. Chem. Phys.},
volume = {113},
number = {15},
pages = {6308-6315},
keywords = {organic compounds; solutions; quantum theory; molecular dynamics method; SCF calculations; solvent effects; electron correlations},
url = {http://link.aip.org/link/?JCP/113/6308/1},
doi = {10.1063/1.1308283}
}

@article{Cui_JCP_QMMMProp,
author = {Qiang Cui and Martin Karplus},
collaboration = {},
title = {Molecular properties from combined QM/MM methods. I. Analytical second derivative and vibrational calculations},
publisher = {AIP},
year = {2000},
journal = {J. Chem. Phys.},
volume = {112},
number = {3},
pages = {1133-1149},
keywords = {molecular dynamics method; quantum theory; ab initio calculations; vibrational states; infrared spectra; spectral line intensity},
url = {http://link.aip.org/link/?JCP/112/1133/1},
doi = {10.1063/1.480658}
}

@article{Cui_JPCB_QMMMProp2,
author = {Cui, Qiang and Karplus, Martin},
title = {Molecular Properties from Combined QM/MM Methods. 2. Chemical Shifts in Large Molecules},
journal = {J. Phys. Chem. B},
volume = {104},
number = {15},
pages = {3721-3743},
year = {2000},
doi = {10.1021/jp994154g},

URL = {http://pubs.acs.org/doi/abs/10.1021/jp994154g},
eprint = {http://pubs.acs.org/doi/pdf/10.1021/jp994154g}
}

@article{Besley_JCP_PHVA,
author = {Nicholas A. Besley and Katie A. Metcalf},
collaboration = {},
title = {Computation of the amide I band of polypeptides and proteins using a partial Hessian approach},
publisher = {AIP},
year = {2007},
journal = {J. Chem. Phys.},
volume = {126},
number = {3},
eid = {035101},
numpages = {7},
pages = {035101},
keywords = {proteins; molecular biophysics; HF calculations; STO calculations; density functional theory},
url = {http://link.aip.org/link/?JCP/126/035101/1},
doi = {10.1063/1.2426344}
}

@article{Besley_JPCC_PHVA2,
author = {Besley, Nicholas A. and Bryan, James A.},
title = {Partial Hessian Vibrational Analysis of Organic Molecules Adsorbed on Si(100)},
journal = {J. Phys. Chem. C},
volume = {112},
number = {11},
pages = {4308-4314},
year = {2008},
doi = {10.1021/jp076167x},
eprint = {http://pubs.acs.org/doi/pdf/10.1021/jp076167x}
}

@article{Jin_SS_PHVA1,
title = "Theoretical investigation of molecular water adsorption on the Al(111) surface",
journal = "Surf. Sci.",
volume = "318",
number = "1-2",
pages = "204 - 216",
year = "1994",
note = "",
doi = "10.1016/0039-6028(94)90355-7",
author = "Suqian Jin and John D. Head"
}

@article{Calvin_SS_PHVA2,
title = "Theoretically modelling the water bilayer on the Al(111) surface using cluster calculations",
journal = "Surf. Sci.",
volume = "345",
number = "1-2",
pages = "161 - 172",
year = "1996",
note = "",
doi = "10.1016/0039-6028(95)00862-4",
author = "Mark D. Calvin and John D. Head and Suqian Jin",
}

@article{Head_IJQC_PHVA3,
author = {Head, John D.},
title = {Computation of vibrational frequencies for adsorbates on surfaces},
journal = {Int. J. Quantum Chem.},
volume = {65},
number = {5},
publisher = {John Wiley & Sons, Inc.},
doi = {10.1002/(SICI)1097-461X(1997)65:5<827::AID-QUA47>3.0.CO;2-U},
pages = {827--838},
year = {1997}
}

@article{Ghysels_JCTC_PHVA,
author = {Ghysels, A. and Van Speybroeck, V. and Verstraelen, T. and Van Neck, D. and Waroquier, M.},
title = {Calculating Reaction Rates with Partial Hessians: Validation of the Mobile Block Hessian Approach},
journal = "J. Chem. Theory Comput.",
volume = {4},
number = {4},
pages = {614-625},
year = {2008},
doi = {10.1021/ct7002836},
}

@article{Biancardi_TCA_PHVA,
   author = {Biancardi, Alessandro and Cammi, Roberto and Cappelli, Chiara and Mennucci, Benedetta and Tomasi, Jacopo},
   affiliation = {Dipartimento di Chimica e Chimica Industriale, Università di Pisa, via Risorgimento, 35, 56126 Pisa, Italy},
   title = {Modelling vibrational coupling in DNA oligomers: a computational strategy combining QM and continuum solvation models},
   journal = {Theor. Chem. Acc.},
   publisher = {Springer Berlin / Heidelberg},
   issn = {1432-881X},
   keyword = {Chemistry and Materials Science},
   pages = {1-10},
   volume = {131},
   issue = {3},
   year = {2012}
}
@book{Eschrig_DFT,
author = "Eschrig, Helmut",
keywords = "libri",
publisher = "Edition am Gutenbergplatz, Leipzig",
title = "{The Fundamentals of Density Functional Theory}",
year = "{2003}"
}

@article{Christiansen_JCTC_MMPExcCCDFT,
author = {Schwabe, Tobias and Olsen, Jógvan Magnus Haugaard and Sneskov, Kristian and Kongsted, Jacob and Christiansen, Ove},
title = {Solvation Effects on Electronic Transitions: Exploring the Performance of Advanced Solvent Potentials in Polarizable Embedding Calculations},
journal = "J. Chem. Theory Comput.",
volume = {7},
number = {7},
pages = {2209-2217},
year = {2011},
doi = {10.1021/ct200258g},
URL = {http://pubs.acs.org/doi/abs/10.1021/ct200258g},
eprint = {http://pubs.acs.org/doi/pdf/10.1021/ct200258g}
}

@article{Christiansen_JCP_MMPExcDFT,
author = {Christian B. Nielsen and Ove Christiansen and Kurt V. Mikkelsen and Jacob Kongsted},
collaboration = {},
title = {Density functional self-consistent quantum mechanics/molecular mechanics theory for linear and nonlinear molecular properties: Applications to solvated water and formaldehyde},
publisher = {AIP},
year = {2007},
journal = {J. Chem. Phys.},
volume = {126},
number = {15},
eid = {154112},
numpages = {18},
pages = {154112},
keywords = {water; organic compounds; density functional theory; SCF calculations; solvent effects; HF calculations; coupled cluster calculations; polarisability; two-photon processes; molecule-photon collisions; wave functions; electron correlations; Rydberg states},
url = {http://link.aip.org/link/?JCP/126/154112/1},
doi = {10.1063/1.2711182}
}

@article{Christiansen_JCP_MMPExcCC,
author = {Jacob Kongsted and Anders Osted and Kurt V. Mikkelsen and Ove Christiansen},
collaboration = {},
title = {Linear response functions for coupled cluster/molecular mechanics including polarization interactions},
publisher = {AIP},
year = {2003},
journal = {J. Chem. Phys.},
volume = {118},
number = {4},
pages = {1620-1633},
keywords = {molecular dynamics method; Lennard-Jones potential; liquid theory; van der Waals forces; liquid structure; coupled cluster calculations; SCF calculations; water; transition moments; polarisability; ab initio calculations; solvation},
url = {http://link.aip.org/link/?JCP/118/1620/1},
doi = {10.1063/1.1529680}
}

@Article{Christiansen_PCCP_MMPExcCC2,
author ="Sneskov, Kristian and Schwabe, Tobias and Christiansen, Ove and Kongsted, Jacob",
title  ="Scrutinizing the effects of polarization in QM/MM excited state calculations",
journal  ="Phys. Chem. Chem. Phys.",
year  ="2011",
volume  ="13",
issue  ="41",
pages  ="18551-18560",
publisher  ="The Royal Society of Chemistry",
doi  ="10.1039/C1CP22067E",
}

@Article{Steindal_PCCP_MMPExc,
author ="Steindal, Arnfinn Hykkerud and Olsen, Jogvan Magnus Haugaard and Ruud, Kenneth and Frediani, Luca and Kongsted, Jacob",
title  ="A combined quantum mechanics/molecular mechanics study of the one- and two-photon absorption in the green fluorescent protein",
journal  ="Phys. Chem. Chem. Phys.",
year  ="2012",
volume  ="14",
issue  ="16",
pages  ="5440-5451",
publisher  ="The Royal Society of Chemistry",
doi  ="10.1039/C2CP23537D",
url  ="http://dx.doi.org/10.1039/C2CP23537D",
}

@article{DeFusco_JPCL_EFP,
author = {DeFusco, Albert and Minezawa, Noriyuki and Slipchenko, Lyudmila V. and Zahariev, Federico and Gordon, Mark S.},
title = {Modeling Solvent Effects on Electronic Excited States},
journal = {J. Phys. Chem. Lett.},
volume = {2},
number = {17},
pages = {2184-2192},
year = {2011},
note = {and references therein}
}

@article{Kongsted_JCTC_MMPExc,
author = {Olsen, Jógvan Magnus and Aidas, Kęstutis and Kongsted, Jacob},
title = {Excited States in Solution through Polarizable Embedding},
journal = "J. Chem. Theory Comput.",
volume = {6},
number = {12},
pages = {3721-3734},
year = {2010},
doi = {10.1021/ct1003803},

URL = {http://pubs.acs.org/doi/abs/10.1021/ct1003803},
eprint = {http://pubs.acs.org/doi/pdf/10.1021/ct1003803}
}

@article{Curutchet_JPCB_EET1,
author = {Scholes, Gregory D. and Curutchet, Carles and Mennucci, Benedetta and Cammi, Roberto and Tomasi, Jacopo},
title = {How Solvent Controls Electronic Energy Transfer and Light Harvesting},
journal = "J. Phys. Chem. B",
volume = {111},
number = {25},
pages = {6978-6982},
year = {2007},
doi = {10.1021/jp072540p},

URL = {http://pubs.acs.org/doi/abs/10.1021/jp072540p},
eprint = {http://pubs.acs.org/doi/pdf/10.1021/jp072540p}
}

@article{Curutchet_JACS_EET2,
author = {Curutchet, Carles and Kongsted, Jacob and Mu{\~n}oz-Losa, Aurora and Hossein-Nejad, Hoda and Scholes, Gregory D. and Mennucci, Benedetta},
title = {Photosynthetic Light-Harvesting Is Tuned by the Heterogeneous Polarizable Environment of the Protein},
journal = "{J. Am. Chem. Soc.}",
volume = {133},
number = {9},
pages = {3078-3084},
year = {2011},
doi = {10.1021/ja110053y},

URL = {http://pubs.acs.org/doi/abs/10.1021/ja110053y},
eprint = {http://pubs.acs.org/doi/pdf/10.1021/ja110053y}
}

@article{Mennucci_JPCB_MMPol,
author = {Marini, Alberto and Mu{\~n}oz-Losa, Aurora and Biancardi, Alessandro and Mennucci, Benedetta},
title = {What is Solvatochromism?},
journal = "J. Phys. Chem. B",
volume = {114},
number = {51},
pages = {17128-17135},
year = {2010},
}

@article{Herbert_JCP_MMPol,
author = {Leif D. Jacobson and John M. Herbert},
collaboration = {},
title = {A one-electron model for the aqueous electron that includes many-body electron-water polarization: Bulk equilibrium structure, vertical electron binding energy, and optical absorption spectrum},
publisher = {AIP},
year = {2010},
journal = {J. Chem. Phys.},
volume = {133},
number = {15},
eid = {154506},
numpages = {19},
pages = {154506},
keywords = {ab initio calculations; binding energy; electron correlations; electron detachment; excited states; many-body problems; molecule-electron collisions; photoelectron spectra; solvent effects; spectral line breadth; water; wave functions},
url = {http://link.aip.org/link/?JCP/133/154506/1},
doi = {10.1063/1.3490479}
}

@article{Gordon_JPCA_EFP,
author = {Arora, Pooja and Slipchenko, Lyudmila V. and Webb, Simon P. and DeFusco, Albert and Gordon, Mark S.},
title = {Solvent-Induced Frequency Shifts: Configuration Interaction Singles Combined with the Effective Fragment Potential Method},
journal = "J. Phys. Chem. A",
volume = {114},
number = {25},
pages = {6742-6750},
year = {2010},
doi = {10.1021/jp101780r},
eprint = {http://pubs.acs.org/doi/pdf/10.1021/jp101780r}
}


@article{Biczysko_TCA_Pyrimidine,
   author = {Biczysko, Malgorzata and Bloino, Julien and Brancato, Giuseppe and Cacelli, Ivo and Cappelli, Chiara and Ferretti, Alessandro and Lami, Alessandro and Monti, Susanna and Pedone, Alfonso and Prampolini, Giacomo and Puzzarini, Cristina and Santoro, Fabrizio and Trani, Fabio and Villani, Giovanni},
   affiliation = {Scuola Normale Superiore di Pisa Piazza dei Cavalieri 7, 56126 Pisa, Italy},
   title = {Integrated computational approaches for spectroscopic studies of molecular systems in the gas phase and in solution: pyrimidine as a test case},
   journal = {Theor. Chem. Acc.},
   publisher = {Springer Berlin / Heidelberg},
   issn = {1432-881X},
   keyword = {Chemistry and Materials Science},
   pages = {1-19},
   volume = {131},
   issue = {4},
   year = {2012}
}
@article{Barone_JCTC_N07D,
author = {Barone, Vincenzo and Cimino, Paola and Stendardo, Emiliano},
title = {Development and Validation of the B3LYP/N07D Computational Model for Structural Parameter and Magnetic Tensors of Large Free Radicals},
journal = {J Chem. Theory Comput.},
volume = {4},
number = {5},
pages = {751-764},
year = {2008},
}

@misc{N07D,
note = {Double- and triple-{$\zeta$} basis sets of n07 family are available for download. Visit \url{http://idea.sns.it} (accessed June 5, 2012).}
}

@article{Fleming_JPCB_EpsProt,
author = {Jordanides, Xanthipe J. and Lang, Matthew J. and Song, Xueyu and Fleming, Graham R.},
title = {Solvation Dynamics in Protein Environments Studied by Photon Echo Spectroscopy},
journal = {J. Phys. Chem. B},
volume = {103},
number = {37},
pages = {7995-8005},
year = {1999},
doi = {10.1021/jp9910993},

URL = {http://pubs.acs.org/doi/abs/10.1021/jp9910993},
eprint = {http://pubs.acs.org/doi/pdf/10.1021/jp9910993}
}

@misc{Olivucci_Submitted_Retinal,
author = {Huntress, Mark M. and Gozem, Samer and Malley, Konstantin R. and Jailaubekov, Askat E. and Vasileiou, Chrysoula and Vengris, Mikas and Geiger, James H. and Borhan, Babak and Schapiro, Igor and Larsen, Delmar S. and Olivucci, Massimo},
title = {Photophysics of the Retinal Chromophore in a Rhodopsin Mimic},
note   = {Submitted for publication}
}

@article{Warshel_JMB_QMMM,
title = "Theoretical studies of enzymic reactions: Dielectric, electrostatic and steric stabilization of the carbonium ion in the reaction of lysozyme",
journal = "J. Mol. Biol.",
volume = "103",
number = "2",
pages = "227 - 249",
year = "1976",
note = "",
issn = "0022-2836",
doi = "10.1016/0022-2836(76)90311-9",
url = "http://www.sciencedirect.com/science/article/pii/0022283676903119",
author = "A. Warshel and M. Levitt"
}

@article{Cammi_IJQC_NonEq,
author = {Cammi, R. and Tomasi, J.},
title = {Nonequilibrium solvation theory for the polarizable continuum model: A new formulation at the SCF level with application to the case of the frequency-dependent linear electric response function},
journal = {Int. J. Quantum Chem.},
volume = {56},
number = {S29},
publisher = {John Wiley & Sons, Inc.},
issn = {1097-461X},
url = {http://dx.doi.org/10.1002/qua.560560850},
doi = {10.1002/qua.560560850},
pages = {465--474},
year = {1995},
}

@article{Dunning_JCP_CCBasis,
author = {Thom H. Dunning, Jr.},
collaboration = {},
title = {Gaussian basis sets for use in correlated molecular calculations. I. The atoms boron through neon and hydrogen},
publisher = {AIP},
year = {1989},
journal = {J. Chem. Phys.},
volume = {90},
number = {2},
pages = {1007-1023},
keywords = {BORON; CARBON; NITROGEN; OXYGEN; FLUORINE; NEON; HYDROGEN; ELECTRONIC STRUCTURE; ELECTRON CORRELATION; CONFIGURATION INTERACTION},
url = {http://link.aip.org/link/?JCP/90/1007/1},
doi = {10.1063/1.456153}
}

@article{Cammi_IJQC_NonEqPolar,
author = {Cammi, R. and Tomasi, J.},
title = {Nonequilibrium solvation theory for the polarizable continuum model: A new formulation at the SCF level with application to the case of the frequency-dependent linear electric response function},
journal = {Int. J. Quantum Chem.},
volume = {56},
number = {S29},
publisher = {John Wiley & Sons, Inc.},
issn = {1097-461X},
doi = {10.1002/qua.560560850},
pages = {465--474},
year = {1995},
}

@article{Mahoney_JCP_TIP5P,
author = {Michael W. Mahoney and William L. Jorgensen},
collaboration = {},
title = {A five-site model for liquid water and the reproduction of the density anomaly by rigid, nonpolarizable potential functions},
publisher = {AIP},
year = {2000},
journal = {J. Chem. Phys.},
volume = {112},
number = {20},
pages = {8910-8922},
keywords = {water; potential energy functions; liquid theory; liquid structure; density; Monte Carlo methods; permittivity; thermodynamic properties; statistical mechanics},
url = {http://link.aip.org/link/?JCP/112/8910/1},
doi = {10.1063/1.481505}
}

@article{Zerner_JPC_PyrimidineUV1,
author = {Karelson, Mati M. and Zerner, Michael C.},
title = {Theoretical treatment of solvent effects on electronic spectroscopy},
journal = {J. Phys. Chem.},
volume = {96},
number = {17},
pages = {6949-6957},
year = {1992}
}

@article{Zerner_JACS_PyrimidineUV2,
author = {Karelson, Mati and Zerner, Michael C.},
title = {On the n-.pi.* blue shift accompanying solvation},
journal = {J. Am. Chem. Soc.},
volume = {112},
number = {25},
pages = {9405-9406},
year = {1990}
}

@article{Gao_TCA_PyrimidineUV,
   author = {Gao, Jiali and Byun, Kyoungrim},
   affiliation = {Department of Chemistry, State University of New York, Buffalo, NY 14260, USA US US},
   title = {Solvent effects on the nπ* transition of pyrimidine in aqueous solution},
   journal = {Theor. Chem. Acc.},
   publisher = {Springer Berlin / Heidelberg},
   issn = {1432-881X},
   keyword = {Chemistry and Materials Science},
   pages = {151-156},
   volume = {96},
   issue = {3},
   year = {1997}
}
@article{Cammi_JCP_FDPol,
author = {Roberto Cammi and Maurizio Cossi and Benedetta Mennucci and Jacopo Tomasi},
collaboration = {},
title = {Analytical Hartree--Fock calculation of the dynamical polarizabilities alpha, beta, and gamma of molecules in solution},
publisher = {AIP},
year = {1996},
journal = {J. Chem. Phys.},
volume = {105},
number = {23},
pages = {10556-10564},
keywords = {SELF--CONSISTENT FIELD; HARTREE--FOCK METHOD; POLARIZABILITY; SOLVENT EFFECTS; DIELECTRIC FUNCTION; FREQUENCY DEPENDENCE; BENZENE; WATER; ANALYTICAL SOLUTION},
url = {http://link.aip.org/link/?JCP/105/10556/1},
doi = {10.1063/1.472771}
}

@article{Rice_JCP_FDProp,
author = {Julia E. Rice and Nicholas C. Handy},
collaboration = {},
title = {The calculation of frequency-dependent polarizabilities as pseudo-energy derivatives},
publisher = {AIP},
year = {1991},
journal = {J. Chem. Phys.},
volume = {94},
number = {7},
pages = {4959-4971},
keywords = {NONLINEAR OPTICS; MOLECULES; POLARIZABILITY; AB INITIO CALCULATIONS; FREQUENCY DEPENDENCE; QUANTUM CHEMISTRY; PERTURBATION THEORY},
url = {http://link.aip.org/link/?JCP/94/4959/1},
doi = {10.1063/1.460558}
}

@article{Lipparini_JCP_FQMag,
	author = {Lipparini, Filippo and Cappelli, Chiara and Barone, Vincenzo},
	title = {A gauge invariant multiscale approach to magnetic spectroscopies in condensed phase: General three-layer model, computational implementation and pilot applications},
	journal = {J. Chem. Phys.},
	volume = {138},
	pages = {234108},
	year = {2013}
}
@article{Lipparini_JCTC_FQTD,
	author = {Lipparini, Filippo and Cappelli, Chiara and Barone, Vincenzo},
	title = {Linear response theory and electronic transition energies for a fully polarizable QM/Classical Hamiltonian},
	journal = {J. Chem. Theory Comput.},
	volume = {8},
	number = {11},
	pages = {4153-4165},
	year = {2012},
	doi = {10.1021/ct3005062},
	URL = {http://pubs.acs.org/doi/abs/10.1021/ct3005062},
	eprint = {http://pubs.acs.org/doi/pdf/10.1021/ct3005062}
}

@ARTICLE{Cammi_JPCA_IR,
         AUTHOR = {R. Cammi and C. Cappelli and S. Corni and J. Tomasi},
         JOURNAL = {J. Phys. Chem. A},
         title="On the Calculation of Infrared Intensities in Solution within the Polarizable Continuum Model",
         YEAR = 2000,
         VOLUME = "104",
         PAGES = "9874-9879"}

@article{Magyar_JCTC_TDDFTintruders,
author = {Magyar, R. J. and Tretiak, S.},
title = {Dependence of Spurious Charge-Transfer Excited States on Orbital Exchange in TDDFT:  Large Molecules and Clusters},
journal = {J Chem. Theory Comput.},
volume = {3},
number = {3},
pages = {976-987},
year = {2007}
}

@article{Gordon_JPCA_EFP,
author = {Gordon, Mark S. and Freitag, Mark A. and Bandyopadhyay, Pradipta and Jensen, Jan H. and Kairys, Visvaldas and Stevens, Walter J.},
title = {The Effective Fragment Potential Method:  A QM-Based MM Approach to Modeling Environmental Effects in Chemistry},
journal = {J. Phys. Chem. A},
volume = {105},
number = {2},
pages = {293-307},
year = {2001},
doi = {10.1021/jp002747h},
URL = {http://pubs.acs.org/doi/abs/10.1021/jp002747h},
eprint = {http://pubs.acs.org/doi/pdf/10.1021/jp002747h}
}
@article{gallico,
 author = {C.~Cappelli and B.~Mennucci and S. Monti},
 title = {Environmental Effects on the Spectroscopic Properties of Gallic Acid: A Combined Classical and Quantum Mechanical Study},
 journal = "J. Phys. Chem. A",
 volume  = 109,
 pages   = {1933-1943},
 year    = 2005}

@ARTICLE{rraman,
  author = {B. Mennucci and C. Cappelli and R. Cammi and J. Tomasi},
  title = {A quantum mechanical polarizable continuum model
for the calculation of resonance Raman spectra in condensed phase},
  journal = "Theor. Chem. Acc.",
  year = {2007},
  volume = {117},
  pages = {1029-1039}
}

@article{feature_art,
author = {Mennucci, Benedetta and Cappelli, Chiara and Guido, Ciro Achille and Cammi, Roberto and Tomasi, Jacopo},
title = {Structures and Properties of Electronically Excited Chromophores in Solution from the Polarizable Continuum Model Coupled to the Time-Dependent Density Functional Theory},
journal = {J. Phys. Chem. A},
volume = {113},
number = {13},
pages = {3009-3020},
year = {2009}
}

@article{Li_JCP_EFPPCMgrad,
	author = {Hui Li and Mark S. Gordon},
	collaboration = {},
	title = {Polarization energy gradients in combined quantum mechanics, effective fragment potential, and polarizable continuum model calculations},
	publisher = {AIP},
	year = {2007},
	journal = {J. Chem. Phys},
	volume = {126},
	number = {12},
	eid = {124112},
	numpages = {10},
	pages = {124112},
	keywords = {molecular configurations; quantum theory; polarisability},
	url = {http://link.aip.org/link/?JCP/126/124112/1},
	doi = {10.1063/1.2711199}
}

@article{Li_JCP_EFPPCMgrad2,
	author = {Hui Li},
	collaboration = {},
	title = {Quantum mechanical/molecular mechanical/continuum style solvation model: Linear response theory, variational treatment, and nuclear gradients},
	publisher = {AIP},
	year = {2009},
	journal = {J. Chem. Phys},
	volume = {131},
	number = {18},
	eid = {184103},
	numpages = {8},
	pages = {184103},
	keywords = {density functional theory; electrostatics; excited states; HF calculations; intermolecular forces; molecular dynamics method; organic compounds; quantum chemistry; solvent effects; variational techniques},
	url = {http://link.aip.org/link/?JCP/131/184103/1},
	doi = {10.1063/1.3259550}
}

@Article{Barone_PCCP_Perspective,
author ="Barone, Vincenzo and Baiardi, Alberto and Biczysko, Malgorzata and Bloino, Julien and Cappelli, Chiara and Lipparini, Filippo",
title  ="Implementation and validation of a multi-purpose virtual spectrometer for large systems in complex environments",
journal  ="Phys. Chem. Chem. Phys.",
year  ="2012",
volume  ="14",
issue  ="36",
pages  ="12404-12422",
publisher  ="The Royal Society of Chemistry",
doi  ="10.1039/C2CP41006K",
url  ="http://dx.doi.org/10.1039/C2CP41006K"}

@article{Herbert_JCP_ISWIG,
	author = {Adrian W. Lange and John M. Herbert},
	collaboration = {},
	title = {A smooth, nonsingular, and faithful discretization scheme for polarizable continuum models: The switching/Gaussian approach},
	publisher = {AIP},
	year = {2010},
	journal = {J. Chem. Phys.},
	volume = {133},
	number = {24},
	eid = {244111},
	numpages = {18},
	pages = {244111},
	keywords = {boundary-elements methods; GO calculations; molecular dynamics method; polarisability; potential energy surfaces; quantum chemistry; vibrational states},
	url = {http://link.aip.org/link/?JCP/133/244111/1},
	doi = {10.1063/1.3511297}
}

@article{Lange_CPL_DASSAD,
	title = "Symmetric versus asymmetric discretization of the integral equations in polarizable continuum solvation models",
	journal = "Chem. Phys. Lett.",
	volume = "509",
	pages = "77 - 87",
	year = "2011",
	note = "",
	issn = "0009-2614",
	doi = "10.1016/j.cplett.2011.04.092",
	url = "http://www.sciencedirect.com/science/article/pii/S0009261411005367",
	author = "Adrian W. Lange and John M. Herbert"
}

@Article{Allen_PCCP_Variational,
author ="Allen, Rosalind and Hansen, Jean-Pierre and Melchionna, Simone",
title  ="Electrostatic potential inside ionic solutions confined by dielectrics: a variational approach",
journal  ="Phys. Chem. Chem. Phys.",
year  ="2001",
volume  ="3",
issue  ="19",
pages  ="4177-4186",
publisher  ="The Royal Society of Chemistry"
}

@article{Felderhof_JCP_Var,
author = {B. U. Felderhof},
title = {Fluctuations of polarization and magnetization in dielectric and magnetic media},
publisher = {AIP},
year = {1977},
journal = {J. Chem. Phys.},
volume = {67},
number = {2},
pages = {493-500},
}


@article{Marchi_JCP_Var1,
Author = {Marchi, M and Borgis, D and Levy, N and Ballone, P},
Title = {{A dielectric continuum molecular dynamics method}},
journal = {J. Chem. Phys.},
Year = {{2001}},
Volume = {{114}},
Number = {{10}},
Pages = {{4377-4385}},
}

@article{Marchi_JCP_Var2,
Author = {HaDuong, T and Phan, S and Marchi, M and Borgis, D},
Title = {{Electrostatics on particles: Phenomenological and orientational density
   functional theory approach}},
journal = {J. Chem. Phys.},
Year = {{2002}},
Volume = {{117}},
Number = {{2}},
Pages = {{541-556}},
Month = {{JUL 8}},
}

@article{Vreven_JCC_OniomOpt,
author = {Vreven, Thom and Morokuma, Keiji and Farkas, Odon and Schlegel, H. Bernhard and Frisch, Michael J.},
title = {Geometry optimization with QM/MM, ONIOM, and other combined methods. I. Microiterations and constraints},
journal = {J. Comput. Chem.},
volume = {24},
number = {6},
publisher = {Wiley Subscription Services, Inc., A Wiley Company},
issn = {1096-987X},
url = {http://dx.doi.org/10.1002/jcc.10156},
doi = {10.1002/jcc.10156},
pages = {760--769},
keywords = {geometry optimization, QM/MM, ONIOM, microiterations, hybrid methods, combined methods},
year = {2003},
}

@article{Senn_JCP_CPCPCM,
author = {Hans Martin Senn and Peter M. Margl and Rochus Schmid and Tom Ziegler and Peter E. Bl\"{o}chl},
collaboration = {},
title = {Ab initio molecular dynamics with a continuum solvation model},
publisher = {AIP},
year = {2003},
journal = {J. Chem. Phys.},
volume = {118},
number = {3},
pages = {1089-1100},
keywords = {ab initio calculations; molecular dynamics method; solvation; density functional theory},
url = {http://link.aip.org/link/?JCP/118/1089/1},
doi = {10.1063/1.1528890}
}

@article{Lange_JPCL_SWIG,
author = {Lange, Adrian W. and Herbert, John M.},
title = {Polarizable Continuum Reaction-Field Solvation Models Affording Smooth Potential Energy Surfaces},
journal = "J. Phys. Chem. Lett.",
volume = {1},
number = {2},
pages = {556-561},
year = {2010},
}

@article{Chipman_JCP_SSVPE2,
author = {Daniel M. Chipman},
collaboration = {},
title = {New formulation and implementation for volume polarization in dielectric continuum theory},
publisher = {AIP},
year = {2006},
journal = {J. Chem. Phys.},
volume = {124},
number = {22},
eid = {224111},
numpages = {10},
pages = {224111},
keywords = {solvation; Poisson equation; electronic structure; reaction kinetics theory},
url = {http://link.aip.org/link/?JCP/124/224111/1},
doi = {10.1063/1.2203068}
}

@article{Cossi_JCP_IVCPCM,
author = {Maurizio Cossi and Nadia Rega and Giovanni Scalmani and Vincenzo Barone},
collaboration = {},
title = {Polarizable dielectric model of solvation with inclusion of charge penetration effects},
publisher = {AIP},
year = {2001},
journal = {The Journal of Chemical Physics},
volume = {114},
number = {13},
pages = {5691-5701},
keywords = {solvation; free energy; dielectric liquids; dielectric polarisation},
url = {http://link.aip.org/link/?JCP/114/5691/1},
doi = {10.1063/1.1354187}
}

@article{Gauss_CPL_NMR1,
title = "Calculation of NMR chemical shifts at second-order many-body perturbation theory using gauge-including atomic orbitals",
journal = "Chem. Phys. Lett.",
volume = "191",
number = "6",
pages = "614 - 620",
year = "1992",
note = "",
doi = "10.1016/0009-2614(92)85598-5",
url = "http://www.sciencedirect.com/science/article/pii/0009261492855985",
author = "Jurgen Gauss"
}

@article{Gauss_JCP_NMR2,
author = {J\"{u}rgen Gauss},
collaboration = {},
title = {Effects of electron correlation in the calculation of nuclear magnetic resonance chemical shifts},
publisher = {AIP},
year = {1993},
journal = {J. Chem. Phys.},
volume = {99},
number = {5},
pages = {3629-3643},
keywords = {ELECTRON CORRELATION; NUCLEAR MAGNETIC RESONANCE; CHEMICAL SHIFT; MANYBODY PROBLEM; PERTURBATION THEORY; CARBON 13; NITROGEN 15; OXYGEN 17; CARBON MONOXIDE; NITROGEN; NITROUS OXIDE},
url = {http://link.aip.org/link/?JCP/99/3629/1},
doi = {10.1063/1.466161}
}


@article{Cheeseman_JCP_NMR,
author = {James R. Cheeseman and Gary W. Trucks and Todd A. Keith and Michael J. Frisch},
collaboration = {},
title = {A comparison of models for calculating nuclear magnetic resonance shielding tensors},
publisher = {AIP},
year = {1996},
journal = {The Journal of Chemical Physics},
volume = {104},
number = {14},
pages = {5497-5509},
keywords = {CHEMICAL SHIFT; DENSITY FUNCTIONAL METHOD; HARTREE--FOCK METHOD; MAGNETIC RESONANCE; ORGANIC NITROGEN COMPOUNDS; QUANTUM CHEMISTRY; SHIELDING},
url = {http://link.aip.org/link/?JCP/104/5497/1},
doi = {10.1063/1.471789}
}

@article{Ditchfield_MP_GIAO,
author = {Ditchfield, Robert},
title = {Self-consistent perturbation theory of diamagnetism},
journal = {Mol. Phys.},
volume = {27},
number = {4},
pages = {789-807},
year = {1974}
}

@article{Wolinsi_JACS_GIAO,
author = {Wolinski, Krzysztof and Hinton, James F. and Pulay, Peter},
title = {Efficient implementation of the gauge-independent atomic orbital method for NMR chemical shift calculations},
journal = {J. Am. Chem. Soc.},
volume = {112},
number = {23},
pages = {8251-8260},
year = {1990}
}


@article{Ruud_JCP_MagSusc,
author = {Kenneth Ruud and Trygve Helgaker and Keld L. Bak and Poul J{\o}rgensen and Hans J{\o}rgen A. Jensen},
collaboration = {},
title = {Hartree--Fock limit magnetizabilities from London orbitals},
publisher = {AIP},
year = {1993},
journal = {J. Chem. Phys.},
volume = {99},
number = {5},
pages = {3847-3859},
doi = {10.1063/1.466131}
}



@article{Cammi_JCP_PCMGiao,
author = {R. Cammi},
collaboration = {},
title = {The Hartree--Fock calculation of the magnetic properties of molecular solutes},
publisher = {AIP},
year = {1998},
journal = {J. Chem. Phys.},
volume = {109},
number = {8},
pages = {3185-3196},
keywords = {organic compounds; magnetic susceptibility; nuclear screening; HF calculations; solvent effects; SCF calculations; orbital calculations},
url = {http://link.aip.org/link/?JCP/109/3185/1},
doi = {10.1063/1.476910}
}

@article{Mennucci_JPCA_PCMOr,
author = {Mennucci, B. and Tomasi, J. and Cammi, R. and Cheeseman, J. R. and Frisch, M. J. and Devlin, F. J. and Gabriel, S. and Stephens, P. J.},
title = {Polarizable Continuum Model (PCM) Calculations of Solvent Effects on Optical Rotations of Chiral Molecules},
journal = {J. Phys. Chem. A},
volume = {106},
number = {25},
pages = {6102-6113},
year = {2002},
eprint = {http://pubs.acs.org/doi/pdf/10.1021/jp020124t}
}


@Article{Ruud_IJMS_PCMNMr,
AUTHOR = {Ruud, Kenneth and Frediani, Luca and Cammi, Roberto and Mennucci, Benedetta},
TITLE = {Solvent Effects on the Indirect Spin-Spin Coupling Constants of Benzene: The DFT-PCM Approach},
JOURNAL = {Int. J. Mol. Sci.},
VOLUME = {4},
YEAR = {2003},
NUMBER = {3},
PAGES = {119--134},
URL = {http://www.mdpi.com/1422-0067/4/3/119},
ISSN = {1422-0067},
DOI = {10.3390/i4030119}
}
@article{CammiJCP_PCMNMR,
author = {Roberto Cammi and Benedetta Mennucci and Jacopo Tomasi},
collaboration = {},
title = {Nuclear magnetic shieldings in solution: Gauge invariant atomic orbital calculation using the polarizable continuum model},
publisher = {AIP},
year = {1999},
journal = {J. Chem. Phys.},
volume = {110},
number = {16},
pages = {7627-7638},
keywords = {organic compounds; nuclear screening; orbital calculations; HF calculations; density functional theory; solvent effects; electron correlations},
url = {http://link.aip.org/link/?JCP/110/7627/1},
doi = {10.1063/1.478674}
}

@article{Amos_CPL_EMProp,
title = "Electric and magnetic properties of CO, HF, HCI, and CH3F",
journal = "Chem. Phys. Lett.",
volume = "87",
number = "1",
pages = "23 - 26",
year = "1982",
note = "",
issn = "0009-2614",
doi = "10.1016/0009-2614(82)83545-8",
url = "http://www.sciencedirect.com/science/article/pii/0009261482835458",
author = "Roger D. Amos"
}

@article{Bondo_CPL_OR,
title = "Ab initio calculation and display of the rotary strength tensor in the random phase approximation. Method and model studies",
journal = "Chem. Phys. Lett.",
volume = "246",
number = "1-2",
pages = "1 - 8",
year = "1995",
note = "",
issn = "0009-2614",
doi = "10.1016/0009-2614(95)01036-9",
url = "http://www.sciencedirect.com/science/article/pii/0009261495010369",
author = "Thomas Bondo Pedersen and Aage E. Hansen"
}

@article{Ruud_CPL_OR,
title = "Optical rotation studied by density-functional and coupled-cluster methods",
journal = "Chem. Phys. Lett.",
volume = "352",
number = "5-6",
pages = "533 - 539",
year = "2002",
note = "",
issn = "0009-2614",
doi = "10.1016/S0009-2614(01)01492-0",
url = "http://www.sciencedirect.com/science/article/pii/S0009261401014920",
author = "Kenneth Ruud and Trygve Helgaker"
}

@article{Barron_CPL_VOA,
title = "Vibrational optical activity",
journal = "Chem. Phys. Lett.",
volume = "492",
number = "4-6",
pages = "199 - 213",
year = "2010",
note = "",
issn = "0009-2614",
doi = "10.1016/j.cplett.2010.03.090",
url = "http://www.sciencedirect.com/science/article/pii/S0009261410005026",
author = "Laurence D. Barron and A. David Buckingham"
}

@article{Kongsted_CPL_ORSolvent,
title = "Solvent effects on zero-point vibrational corrections to optical rotations and nuclear magnetic resonance shielding constants",
journal = "Chem. Phys. Lett.",
volume = "451",
number = "4-6",
pages = "226 - 232",
year = "2008",
note = "",
issn = "0009-2614",
doi = "10.1016/j.cplett.2007.12.008",
url = "http://www.sciencedirect.com/science/article/pii/S0009261407016508",
author = "Jacob Kongsted and Kenneth Ruud"
}

@article{Kongsted_CPL_ORSolvent2,
title = "Coupled cluster calculations of the optical rotation of S-propylene oxide in gas phase and solution",
journal = "Chem. Phys. Lett.",
volume = "401",
number = "4-6",
pages = "385 - 392",
year = "2005",
note = "",
issn = "0009-2614",
doi = "10.1016/j.cplett.2004.11.082",
url = "http://www.sciencedirect.com/science/article/pii/S0009261404018664",
author = "Jacob Kongsted and Thomas Bondo Pedersen and Mikkel Strange and Anders Osted and Aage E. Hansen and Kurt V. Mikkelsen and Filip Pawlowski and Poul J{\o}rgensen and Christof H{\"a}ttig"
}
@article{Crawford_JPCA_OR,
author = {Crawford, T. Daniel and Tam, Mary C. and Abrams, Micah L.},
title = {The Current State of Ab Initio Calculations of Optical Rotation and Electronic Circular Dichroism Spectra},
journal = {J. Phys. Chem. A},
volume = {111},
number = {48},
pages = {12057-12068},
year = {2007},
eprint = {http://pubs.acs.org/doi/pdf/10.1021/jp075046u}
}

@article{Stephens_JPCA_ORDFT,
author = {Stephens, P. J. and Devlin, F. J. and Cheeseman, J. R. and Frisch, M. J.},
title = {Calculation of Optical Rotation Using Density Functional Theory},
journal = {J. Phys. Chem. A},
volume = {105},
number = {22},
pages = {5356-5371},
year = {2001},
doi = {10.1021/jp0105138},

URL = {http://pubs.acs.org/doi/abs/10.1021/jp0105138},
eprint = {http://pubs.acs.org/doi/pdf/10.1021/jp0105138}
}

@article{Buckingham_MP_OR,
author = {Buckingham, A.D. and Longuet-Higgins, H.C.},
title = {The quadrupole moments of dipolar molecules},
journal = {Mol. Phys.},
volume = {14},
number = {1},
pages = {63-72},
year = {1968},
doi = {10.1080/00268976800100051},
URL = {http://www.tandfonline.com/doi/abs/10.1080/00268976800100051},
eprint = {http://www.tandfonline.com/doi/pdf/10.1080/00268976800100051}
}

@article{Golding_MP_Mag,
author = {Golding, R.M.},
title = {Magnetic-field-induced quadrupole splitting},
journal = {Mol. Phys.},
volume = {14},
number = {5},
pages = {457-464},
year = {1968},
doi = {10.1080/00268976800100571},
URL = {http://www.tandfonline.com/doi/abs/10.1080/00268976800100571},
eprint = {http://www.tandfonline.com/doi/pdf/10.1080/00268976800100571}
}

@article{Barron_MP_Raman,
author = {Barron, L.D. and Buckingham, A.D.},
title = {Rayleigh and Raman scattering from optically active molecules},
journal = {Mol. Phys.},
volume = {20},
number = {6},
pages = {1111-1119},
year = {1971}
}

@article{Kondru_JACS_OR,
author = {Kondru, Rama K. and Wipf, Peter and Beratan, David N.},
title = {Theory-Assisted Determination of Absolute Stereochemistry for Complex Natural Products via Computation of Molar Rotation Angles},
journal = {J. Am. Chem. Soc.},
volume = {120},
number = {9},
pages = {2204-2205},
year = {1998},
eprint = {http://pubs.acs.org/doi/pdf/10.1021/ja973690o}
}

@article{Jorgensen_JCP_FDPolar,
author = {Poul J{\o}rgensen and Hans J{\o}rgen Aagaard Jensen and Jeppe Olsen},
collaboration = {},
title = {Linear response calculations for large scale multiconfiguration self-consistent field wave functions},
publisher = {AIP},
year = {1988},
journal = {J. Chem. Phys.},
volume = {89},
number = {6},
pages = {3654-3661},
keywords = {CONFIGURATION INTERACTION; ALGORITHMS; ITERATIVE METHODS; WATER; POLARIZABILITY; FREQUENCY DEPENDENCE; ELECTRONIC STRUCTURE},
url = {http://link.aip.org/link/?JCP/89/3654/1},
doi = {10.1063/1.454885}
}

@article{Olsen_JCP_Response,
author = {Jeppe Olsen and Poul J{\o}rgensen},
collaboration = {},
title = {Linear and nonlinear response functions for an exact state and for an MCSCF state},
publisher = {AIP},
year = {1985},
journal = {J. Chem. Phys.},
volume = {82},
number = {7},
pages = {3235-3264},
keywords = {MOLECULES; ELECTRONIC STRUCTURE; SELFCONSISTENT FIELD; SERIES EXPANSION; PERTURBATION THEORY},
url = {http://link.aip.org/link/?JCP/82/3235/1},
doi = {10.1063/1.448223}
}

@article{Sekino_JCP_FDProp,
author = {Hideo Sekino and Rodney J. Bartlett},
collaboration = {},
title = {Frequency dependent nonlinear optical properties of molecules},
publisher = {AIP},
year = {1986},
journal = {J. Chem. Phys.},
volume = {85},
number = {2},
pages = {976-989},
keywords = {FREQUENCY DEPENDENCE; POLARIZABILITY; NONLINEAR OPTICS; METHANE; METHYL FLUORIDE; CARBON TETRAFLUORIDE; FLUOROFORM; SECOND HARMONIC GENERATION; OPTICAL PROPERTIES; HYDROGEN; HYDROFLUORIC ACID; THIRD HARMONIC GENERATION},
url = {http://link.aip.org/link/?JCP/85/976/1},
doi = {10.1063/1.451255}
}

@article{Karna_JCC_FDProp,
author = {Karna, S. P. and Dupuis, M.},
title = {Frequency dependent nonlinear optical properties of molecules: Formulation and implementation in the HONDO program},
journal = {Journal of Computational Chemistry},
volume = {12},
number = {4},
publisher = {John Wiley & Sons, Inc.},
issn = {1096-987X},
url = {http://dx.doi.org/10.1002/jcc.540120409},
doi = {10.1002/jcc.540120409},
pages = {487--504},
year = {1991},
}

@Article{Helgaker_Faraday_VROA,
author ="Helgaker, Trygve and Ruud, Kenneth and Bak, Keld L. and J{\o}rgensen, Poul and Olsen, Jeppe",
title  ="Vibrational Raman optical activity calculations using London atomic orbitals",
journal  ="Faraday Discuss.",
year  ="1994",
volume  ="99",
pages  ="165-180",
publisher  ="The Royal Society of Chemistry",
doi  ="10.1039/FD9949900165",
url  ="http://dx.doi.org/10.1039/FD9949900165"
}

@article{Stephens_Chirality_OR,
author = {Stephens, P.J. and Devlin, F.J. and Cheeseman, J.R. and Frisch, M.J. and Bortolini, O. and Besse, P.},
title = {Determination of absolute configuration using ab initio calculation of optical rotation},
journal = {Chirality},
volume = {15},
number = {S1},
publisher = {Wiley Subscription Services, Inc., A Wiley Company},
issn = {1520-636X},
url = {http://dx.doi.org/10.1002/chir.10270},
doi = {10.1002/chir.10270},
pages = {S57--S64},
keywords = {optical rotation, density functional theory, absolute configuration},
year = {2003},
}

@article{Mennucci_Chiarality_PCMChiroptical,
author = {Mennucci, Benedetta and Cappelli, Chiara and Cammi, Roberto and Tomasi, Jacopo},
title = {Modeling solvent effects on chiroptical properties},
journal = {Chirality},
volume = {23},
number = {9},
publisher = {Wiley Subscription Services, Inc., A Wiley Company},
issn = {1520-636X},
url = {http://dx.doi.org/10.1002/chir.20984},
doi = {10.1002/chir.20984},
pages = {717--729},
keywords = {solvent effects, continuum models, quantum mechanical methods, optical rotation, VCD, ECD},
year = {2011},
}

@article{Stephens_OL_OR,
author = {Stephens, P. J. and Devlin, F. J. and Cheeseman, J. R. and Frisch, M. J. and Rosini, C.},
title = {Determination of Absolute Configuration Using Optical Rotation Calculated Using Density Functional Theory},
journal = {Org. Lett.},
volume = {4},
number = {26},
pages = {4595-4598},
year = {2002},
doi = {10.1021/ol0201714},
URL = {http://pubs.acs.org/doi/abs/10.1021/ol0201714},
eprint = {http://pubs.acs.org/doi/pdf/10.1021/ol0201714}
}

@article{Stephens_TA_OR,
title = "Prediction of optical rotation using density functional theory: 6,8-dioxabicyclo[3.2.1]octanes",
journal = "Tetrahedron: Asymmetry",
volume = "11",
number = "12",
pages = "2443 - 2448",
year = "2000",
note = "",
issn = "0957-4166",
doi = "10.1016/S0957-4166(00)00178-6",
url = "http://www.sciencedirect.com/science/article/pii/S0957416600001786",
author = "P.J Stephens and F.J Devlin and J.R Cheeseman and M.J Frisch and B Mennucci and J Tomasi"
}

@article{Lipparini_JCTC_FQ2Der,
author = {Lipparini, Filippo and Cappelli, Chiara and Scalmani, Giovanni and De Mitri, Nicola and Barone, Vincenzo},
title = {Analytical First and Second Derivatives for a Fully Polarizable QM/Classical Hamiltonian},
journal = {J. Chem. Theory Comput.},
volume = {8},
number = {11},
pages = {4270-4278},
year = {2012},
doi = {10.1021/ct300635c},
URL = {http://pubs.acs.org/doi/abs/10.1021/ct300635c},
eprint = {http://pubs.acs.org/doi/pdf/10.1021/ct300635c}
}

@article{Mennucci_JACS_PCMHBond,
author = {Mennucci, Benedetta},
title = {Hydrogen Bond versus Polar Effects:  An Ab Initio Analysis on n → π* Absorption Spectra and N Nuclear Shieldings of Diazines in Solution},
journal = {J. Am. Chem. Soc.},
volume = {124},
number = {7},
pages = {1506-1515},
year = {2002},
eprint = {http://pubs.acs.org/doi/pdf/10.1021/ja0118542}
}

@article{Egidi_JCTC_OR,
author = {Egidi, Franco and Barone, Vincenzo and Bloino, Julien and Cappelli, Chiara},
title = {Toward an Accurate Modeling of Optical Rotation for Solvated Systems: Anharmonic Vibrational Contributions Coupled to the Polarizable Continuum Model},
journal = {J. Chem. Theory Comput.},
volume = {8},
number = {2},
pages = {585-597},
year = {2012},
doi = {10.1021/ct2008473},
eprint = {http://pubs.acs.org/doi/pdf/10.1021/ct2008473}
}

@article{Beratan_CPC_ORMoxy-solvent,
author = {Mukhopadhyay, Parag and Zuber, Gérard and Goldsmith,  Michael-Rock and Wipf, Peter and Beratan, David N.},
title = {Solvent Effect on Optical Rotation: A Case Study of Methyloxirane in Water},
journal = {ChemPhysChem},
volume = {7},
number = {12},
publisher = {WILEY-VCH Verlag},
issn = {1439-7641},
url = {http://dx.doi.org/10.1002/cphc.200600477},
doi = {10.1002/cphc.200600477},
pages = {2483--2486},
keywords = {chirality, density functional calculations, molecular dynamics, optical rotatory dispersion, solvent effects},
year = {2006},
}

@article{Xu_JPCA_ORMoxy-Solvent,
author = {Losada, Martin and Nguyen, Phuong and Xu, Yunjie},
title = {Solvation of Propylene Oxide in Water: Vibrational Circular Dichroism, Optical Rotation, and Computer Simulation Studies},
journal = {J. Phys. Chem. A},
volume = {112},
number = {25},
pages = {5621-5627},
year = {2008},
doi = {10.1021/jp801996m},
URL = {http://pubs.acs.org/doi/abs/10.1021/jp801996m},
eprint = {http://pubs.acs.org/doi/pdf/10.1021/jp801996m}
}

@article{Beratan_ACIE_ORMoxy-Benzene,
author = {Mukhopadhyay, Parag and Zuber, Gérard and Wipf, Peter and Beratan, David N.},
title = {Contribution of a Solute's Chiral Solvent Imprint to Optical Rotation},
journal = {Angew. Chem., Int. Ed.},
volume = {46},
number = {34},
publisher = {WILEY-VCH Verlag},
issn = {1521-3773},
url = {http://dx.doi.org/10.1002/anie.200702273},
doi = {10.1002/anie.200702273},
pages = {6450--6452},
keywords = {chirality, density functional calculations, Monte Carlo simulations, optical rotation, solvent effects},
year = {2007},
}

@article{Kongsted_CPL_ORMoxy-Solvent,
title = "Coupled cluster calculations of the optical rotation of S-propylene oxide in gas phase and solution",
journal = "Chem. Phys. Lett.",
volume = "401",
number = "4-6",
pages = "385 - 392",
year = "2005",
issn = "0009-2614",
doi = "10.1016/j.cplett.2004.11.082",
url = "http://www.sciencedirect.com/science/article/pii/S0009261404018664",
author = "Jacob Kongsted and Thomas Bondo Pedersen and Mikkel Strange and Anders Osted and Aage E. Hansen and Kurt V. Mikkelsen and Filip Pawlowski and Poul J{\o}rgensen and Christof H{\"a}ttig"
}

@article{Kongsted_CPL_ORMoxy-vib,
title = "Solvent effects on zero-point vibrational corrections to optical rotations and nuclear magnetic resonance shielding constants",
journal = "Chem. Phys. Lett.",
volume = "451",
number = "4-6",
pages = "226 - 232",
year = "2008",
issn = "0009-2614",
doi = "10.1016/j.cplett.2007.12.008",
url = "http://www.sciencedirect.com/science/article/pii/S0009261407016508",
author = "Jacob Kongsted and Kenneth Ruud"
}

@article{Wiberg_JACS_OR-rotation,
author = {Wiberg, Kenneth B. and Vaccaro, Patrick H. and Cheeseman, James R.},
title = {Conformational Effects on Optical Rotation. 3-Substituted 1-Butenes},
journal = {J. Am. Chem. Soc.},
volume = {125},
number = {7},
pages = {1888-1896},
year = {2003},
doi = {10.1021/ja0211914},
URL = {http://pubs.acs.org/doi/abs/10.1021/ja0211914},
eprint = {http://pubs.acs.org/doi/pdf/10.1021/ja0211914}
}

@article{Ruud_ANIE_ORVib,
author = {Ruud, Kenneth and Zanasi, Riccardo},
title = {The Importance of Molecular Vibrations: The Sign Change of the Optical Rotation of Methyloxirane},
journal = {Angew. Chem., Int. Ed.},
volume = {44},
number = {23},
publisher = {WILEY-VCH Verlag},
pages = {3594--3596},
year = {2005}
}

@article{Kumata_BCSJ_MoxyExpOR,
title={The Effect of Solvents on the Optical Rotation of Propylene Oxide},
author={Yoshiyuki Kumata and Junji Furukawa and Takayuki Fueno},
journal={Bull. Chem. Soc. Jpn.},
volume={43},
number={12},
pages={3920-3921},
year={1970}
}

@article{Brendan_CPC_ORMoxyMethyl,
author = {Mort, Brendan C. and Autschbach, Jochen},
title = {A Pragmatic Recipe for the Treatment of Hindered Rotations in the Vibrational Averaging of Molecular Properties},
journal = {ChemPhysChem},
volume = {9},
number = {1},
publisher = {WILEY-VCH Verlag},
issn = {1439-7641},
url = {http://dx.doi.org/10.1002/cphc.200700628},
doi = {10.1002/cphc.200700628},
pages = {159--170},
keywords = {ab initio calculations, hindered rotations, low-temperature physics, spin-spin coupling, vibrational spectroscopy},
year = {2008},
}


@article{Kongsted_JACS_ORmoxy,
author = {Kongsted, Jacob and Pedersen, Thomas Bondo and Jensen, Lasse and Hansen, Aage E. and Mikkelsen, Kurt V.},
title = {Coupled Cluster and Density Functional Theory Studies of the Vibrational Contribution to the Optical Rotation of (S)-Propylene Oxide},
journal = {J. Am. Chem. Soc.},
volume = {128},
number = {3},
pages = {976-982},
year = {2006},
doi = {10.1021/ja056611e},
URL = {http://pubs.acs.org/doi/abs/10.1021/ja056611e},
eprint = {http://pubs.acs.org/doi/pdf/10.1021/ja056611e}
}


@article{Tam_JCP_CCMoxy,
author = {Mary C. Tam and Nicholas J. Russ and T. Daniel Crawford},
collaboration = {},
title = {Coupled cluster calculations of optical rotatory dispersion of (S)-methyloxirane},
publisher = {AIP},
year = {2004},
journal = {J. Chem. Phys.},
volume = {121},
number = {8},
pages = {3550-3557},
keywords = {optical rotation; coupled cluster calculations; density functional theory; organic compounds; optimisation; molecular configurations},
url = {http://link.aip.org/link/?JCP/121/3550/1},
doi = {10.1063/1.1772352}
}

@article{Cappelli_JCP_VNeq,
author = {Chiara Cappelli and Filippo Lipparini and Julien Bloino and Vincenzo Barone},
collaboration = {},
title = {Towards an accurate description of anharmonic infrared spectra in solution within the polarizable continuum model: Reaction field, cavity field and nonequilibrium effects},
publisher = {AIP},
year = {2011},
journal = {J. Chem. Phys.},
volume = {135},
number = {10},
eid = {104505},
numpages = {15},
pages = {104505},
keywords = {infrared spectra; liquid theory; perturbation theory; solvation; vibrational modes},
url = {http://link.aip.org/link/?JCP/135/104505/1},
doi = {10.1063/1.3630920}
}

@article{Truhlar_JPCB_MicroSolv,
author = {Sicinska, Daria and Paneth, Piotr and Truhlar, Donald G.},
title = {How Well Does Microsolvation Represent Macrosolvation? A Test Case:  Dynamics of Decarboxylation of 4-Pyridylacetic Acid Zwitterion},
journal = {J. Phys. Chem. B},
volume = {106},
number = {10},
pages = {2708-2713},
year = {2002},
doi = {10.1021/jp013252a},
URL = {http://pubs.acs.org/doi/abs/10.1021/jp013252a},
eprint = {http://pubs.acs.org/doi/pdf/10.1021/jp013252a}
}

@article{Hawkins_CPL_GBdescreening,
title = "Pairwise solute descreening of solute charges from a dielectric medium",
journal = "Chem. Phys. Lett",
volume = "246",
number = "1-2",
pages = "122 - 129",
year = "1995",
issn = "0009-2614",
doi = "10.1016/0009-2614(95)01082-K",
url = "http://www.sciencedirect.com/science/article/pii/000926149501082K",
author = "Gregory D. Hawkins and Christopher J. Cramer and Donald G. Truhlar"
}

@article{Hawkins_JPC_GBdescreening,
author = {Hawkins, Gregory D. and Cramer, Christopher J. and Truhlar, Donald G.},
title = {Parametrized Models of Aqueous Free Energies of Solvation Based on Pairwise Descreening of Solute Atomic Charges from a Dielectric Medium},
journal = {J. Phys. Chem.},
volume = {100},
number = {51},
pages = {19824-19839},
year = {1996},
doi = {10.1021/jp961710n},
URL = {http://pubs.acs.org/doi/abs/10.1021/jp961710n},
eprint = {http://pubs.acs.org/doi/pdf/10.1021/jp961710n}
}

@article{Cramer_CR_Rev99,
author = {Cramer, Christopher J. and Truhlar, Donald G.},
title = {Implicit Solvation Models:  Equilibria, Structure, Spectra, and Dynamics},
journal = {Chem. Rev.},
volume = {99},
number = {8},
pages = {2161-2200},
year = {1999},
doi = {10.1021/cr960149m},
URL = {http://pubs.acs.org/doi/abs/10.1021/cr960149m},
eprint = {http://pubs.acs.org/doi/pdf/10.1021/cr960149m}
}

@article{Thompson_JPCA_SM5,
author = {Thompson, Jason D. and Cramer, Christopher J. and Truhlar, Donald G.},
title = {New Universal Solvation Model and Comparison of the Accuracy of the SM5.42R, SM5.43R, C-PCM, D-PCM, and IEF-PCM Continuum Solvation Models for Aqueous and Organic Solvation Free Energies and for Vapor Pressures},
journal = {J. Phys. Chem. A},
volume = {108},
number = {31},
pages = {6532-6542},
year = {2004},
doi = {10.1021/jp0496295},
URL = {http://pubs.acs.org/doi/abs/10.1021/jp0496295},
eprint = {http://pubs.acs.org/doi/pdf/10.1021/jp0496295}
}

@article{Zhu_JCP_SM5,
author = {Tianhai Zhu and Jiabo Li and Gregory D. Hawkins and Christopher J. Cramer and Donald G. Truhlar},
collaboration = {},
title = {Density functional solvation model based on CM2 atomic charges},
publisher = {AIP},
year = {1998},
journal = {J. Chem. Phys.},
volume = {109},
number = {20},
pages = {9117-9133},
keywords = {solvation; heat of reaction; free energy; density functional theory; HF calculations},
url = {http://link.aip.org/link/?JCP/109/9117/1},
doi = {10.1063/1.476521}
}

@article{Orozco_CR_Solvent00,
author = {Orozco, Modesto and Luque, F. Javier},
title = {Theoretical Methods for the Description of the Solvent Effect in Biomolecular Systems},
journal = {Chem. Rev.},
volume = {100},
number = {11},
pages = {4187-4226},
year = {2000}
}

@article{Marenich_JCTC_SM8,
author = {Marenich, Aleksandr V. and Olson, Ryan M. and Kelly, Casey P. and Cramer, Christopher J. and Truhlar, Donald G.},
title = {Self-Consistent Reaction Field Model for Aqueous and Nonaqueous Solutions Based on Accurate Polarized Partial Charges},
journal = {J. Chem. Theory Comput.},
volume = {3},
number = {6},
pages = {2011-2033},
year = {2007}
}

@article{Chamberlin_JPCB_SM8T,
author = {Chamberlin, Adam C. and Cramer, Christopher J. and Truhlar, Donald G.},
title = {Extension of a Temperature-Dependent Aqueous Solvation Model to Compounds Containing Nitrogen, Fluorine, Chlorine, Bromine, and Sulfur},
journal = {J. Phys. Chem. B},
volume = {112},
number = {10},
pages = {3024-3039},
year = {2008},
doi = {10.1021/jp076682v},
URL = {http://pubs.acs.org/doi/abs/10.1021/jp076682v},
eprint = {http://pubs.acs.org/doi/pdf/10.1021/jp076682v}
}

@article{Marenich_JCTC_SM8AD,
author = {Marenich, Aleksandr V. and Cramer, Christopher J. and Truhlar, Donald G.},
title = {Universal Solvation Model Based on the Generalized Born Approximation with Asymmetric Descreening},
journal = {J. Chem. Theory Comput.},
volume = {5},
number = {9},
pages = {2447-2464},
year = {2009},
doi = {10.1021/ct900312z},

URL = {http://pubs.acs.org/doi/abs/10.1021/ct900312z},
eprint = {http://pubs.acs.org/doi/pdf/10.1021/ct900312z}
}

@article{Liu_JCTC_SMLVE,
author = {Liu, Junjun and Kelly, Casey P. and Goren, Alan C. and Marenich, Aleksandr V. and Cramer, Christopher J. and Truhlar, Donald G. and Zhan, Chang-Guo},
title = {Free Energies of Solvation with Surface, Volume, and Local Electrostatic Effects and Atomic Surface Tensions to Represent the First Solvation Shell},
journal = {J. Chem. Theory Comput.},
volume = {6},
number = {4},
pages = {1109-1117},
year = {2010},
doi = {10.1021/ct100025j},

URL = {http://pubs.acs.org/doi/abs/10.1021/ct100025j},
eprint = {http://pubs.acs.org/doi/pdf/10.1021/ct100025j}
}

@article{Bernales_JPCB_Ionic,
author = {Bernales, Varinia S. and Marenich, Aleksandr V. and Contreras, Renato and Cramer, Christopher J. and Truhlar, Donald G.},
title = {Quantum Mechanical Continuum Solvation Models for Ionic Liquids},
journal = {J. Phys. Chem. B},
volume = {116},
number = {30},
pages = {9122-9129},
year = {2012},
doi = {10.1021/jp304365v},

URL = {http://pubs.acs.org/doi/abs/10.1021/jp304365v},
eprint = {http://pubs.acs.org/doi/pdf/10.1021/jp304365v}
}

@Article{Marenich_CS_PCMExc,
author ="Marenich, Aleksandr V. and Cramer, Christopher J. and Truhlar, Donald G. and Guido, Ciro A. and Mennucci, Benedetta and Scalmani, Giovanni and Frisch, Michael J.",
title  ="Practical computation of electronic excitation in solution: vertical excitation model",
journal  ="Chem. Sci.",
year  ="2011",
volume  ="2",
issue  ="11",
pages  ="2143-2161",
publisher  ="The Royal Society of Chemistry",
}

@article{Marenich_JPBC_SMD,
author = {Marenich, Aleksandr V. and Cramer, Christopher J. and Truhlar, Donald G.},
title = {Universal Solvation Model Based on Solute Electron Density and on a Continuum Model of the Solvent Defined by the Bulk Dielectric Constant and Atomic Surface Tensions},
journal = {J. Phys. Chem. B},
volume = {113},
number = {18},
pages = {6378-6396},
year = {2009}
}

@article{Marenich_JCTC_Perspective,
author = {Marenich, Aleksandr V. and Cramer, Christopher J. and Truhlar, Donald G.},
title = {Perspective on Foundations of Solvation Modeling: The Electrostatic Contribution to the Free Energy of Solvation},
journal = {J. Chem. Theory Comput.},
volume = {4},
number = {6},
pages = {877-887},
year = {2008},
doi = {10.1021/ct800029c},

URL = {http://pubs.acs.org/doi/abs/10.1021/ct800029c},
eprint = {http://pubs.acs.org/doi/pdf/10.1021/ct800029c}
}


@article{Gao_JPCB_XPol1,
author = {Gao, Jiali},
title = {Toward a Molecular Orbital Derived Empirical Potential for Liquid Simulations},
journal = {J. Phys. Chem. B},
volume = {101},
number = {4},
pages = {657-663},
year = {1997},
doi = {10.1021/jp962833a},
URL = {http://pubs.acs.org/doi/abs/10.1021/jp962833a},
eprint = {http://pubs.acs.org/doi/pdf/10.1021/jp962833a}
}


@article{Gao_JCP_XPol2,
author = {Jiali Gao},
collaboration = {},
title = {A molecular-orbital derived polarization potential for liquid water},
publisher = {AIP},
year = {1998},
journal = {J. Chem. Phys.},
volume = {109},
number = {6},
pages = {2346-2354},
keywords = {water; orbital calculations; heat of vaporisation; liquid structure; liquid theory; thermodynamic properties},
url = {http://link.aip.org/link/?JCP/109/2346/1},
doi = {10.1063/1.476802}
}

@article{Xie_JPCB_XPol3,
author = {Xie, Wangshen and Song, Lingchun and Truhlar, Donald G. and Gao, Jiali},
title = {Incorporation of a QM/MM Buffer Zone in the Variational Double Self-Consistent Field Method},
journal = {J. Phys. Chem. B},
volume = {112},
number = {45},
pages = {14124-14131},
year = {2008},
doi = {10.1021/jp804512f},
URL = {http://pubs.acs.org/doi/abs/10.1021/jp804512f},
eprint = {http://pubs.acs.org/doi/pdf/10.1021/jp804512f}
}

@article{Xie_JCP_XPol4,
author = {Wangshen Xie and Lingchun Song and Donald G. Truhlar and Jiali Gao},
collaboration = {},
title = {The variational explicit polarization potential and analytical first derivative of energy: Towards a next generation force field},
publisher = {AIP},
year = {2008},
journal = {J. Chem. Phys.},
volume = {128},
number = {23},
eid = {234108},
numpages = {9},
pages = {234108},
keywords = {macromolecules; molecular dynamics method; physics computing; polarisation},
url = {http://link.aip.org/link/?JCP/128/234108/1},
doi = {10.1063/1.2936122}
}

@article{Xie_JCTC_XPol5,
author = {Xie, Wangshen and Orozco, Modesto and Truhlar, Donald G. and Gao, Jiali},
title = {X-Pol Potential: An Electronic Structure-Based Force Field for Molecular Dynamics Simulation of a Solvated Protein in Water},
journal = {J. Chem. Theory Comput.},
volume = {5},
number = {3},
pages = {459-467},
year = {2009},
doi = {10.1021/ct800239q},

URL = {http://pubs.acs.org/doi/abs/10.1021/ct800239q},
eprint = {http://pubs.acs.org/doi/pdf/10.1021/ct800239q}
}

@article{Song_JPCA_XPol6,
author = {Song, Lingchun and Han, Jaebeom and Lin, Yen-lin and Xie, Wangshen and Gao, Jiali},
title = {Explicit Polarization (X-Pol) Potential Using ab Initio Molecular Orbital Theory and Density Functional Theory†},
journal = {J. Phys. Chem. A},
volume = {113},
number = {43},
pages = {11656-11664},
year = {2009},
doi = {10.1021/jp902710a},
URL = {http://pubs.acs.org/doi/abs/10.1021/jp902710a},
eprint = {http://pubs.acs.org/doi/pdf/10.1021/jp902710a}
}

@article{Cembran_JCTC_XPol7,
author = {Cembran, Alessandro and Payaka, Apirak and Lin, Yen-lin and Xie, Wangshen and Mo, Yirong and Song, Lingchun and Gao, Jiali},
title = {A Non-Orthogonal Block-Localized Effective Hamiltonian Approach for Chemical and Enzymatic Reactions},
journal = {J. Chem. Theory Comput.},
volume = {6},
number = {7},
pages = {2242-2251},
year = {2010},
doi = {10.1021/ct1001686},

URL = {http://pubs.acs.org/doi/abs/10.1021/ct1001686},
eprint = {http://pubs.acs.org/doi/pdf/10.1021/ct1001686}
}

@article{Gao_JCTC_XPol8,
author = {Gao, Jiali and Cembran, Alessandro and Mo, Yirong},
title = {Generalized X-Pol Theory and Charge Delocalization States},
journal = {J. Chem. Theory Comput.},
volume = {6},
number = {8},
pages = {2402-2410},
year = {2010}
}

@article{Warshel_JACS_QMMM,
author = {Warshel, A. and Karplus, M.},
title = {Calculation of ground and excited state potential surfaces of conjugated molecules. I. Formulation and parametrization},
journal = {J. Am. Chem. Soc.},
volume = {94},
number = {16},
pages = {5612-5625},
year = {1972}
}

@article{Gromacs4,
author = {Hess, Berk and Kutzner, Carsten and van der Spoel, David and Lindahl, Erik},
title = {GROMACS 4: Algorithms for Highly Efficient, Load-Balanced, and Scalable Molecular Simulation},
journal = {J. Chem. Theory Comput.},
volume = {4},
number = {3},
pages = {435-447},
year = {2008},
doi = {10.1021/ct700301q},
URL = {http://pubs.acs.org/doi/abs/10.1021/ct700301q},
eprint = {http://pubs.acs.org/doi/pdf/10.1021/ct700301q}
}

@article{Gromacs3,
author = {Van Der Spoel, David and Lindahl, Erik and Hess, Berk and Groenhof, Gerrit and Mark, Alan E. and Berendsen, Herman J. C.},
title = {GROMACS: Fast, flexible, and free},
journal = {J. Comput. Chem.},
volume = {26},
number = {16},
publisher = {Wiley Subscription Services, Inc., A Wiley Company},
issn = {1096-987X},
url = {http://dx.doi.org/10.1002/jcc.20291},
doi = {10.1002/jcc.20291},
pages = {1701--1718},
keywords = {GROMACS, molecular simulation software, molecular dynamics, free energy computation, parallel computation},
year = {2005},
}

@article{Gromacs2,
   author = {Lindahl, Erik and Hess, Berk and van der Spoel, David},
   affiliation = {Theoretical Physics, KTH, 10044 Stockholm, Sweden},
   title = {GROMACS 3.0: a package for molecular simulation and trajectory analysis},
   journal = {J. Mol. Model.},
   publisher = {Springer Berlin / Heidelberg},
   issn = {1610-2940},
   keyword = {Chemistry and Materials Science},
   pages = {306-317},
   volume = {7},
   issue = {8},
   url = {http://dx.doi.org/10.1007/s008940100045},
   year = {2001}
}

@article{Gromacs1,
title = "GROMACS: A message-passing parallel molecular dynamics implementation",
journal = "Comp. Phys. Comm.",
volume = "91",
number = "1-3",
pages = "43 - 56",
year = "1995",
note = "",
issn = "0010-4655",
doi = "10.1016/0010-4655(95)00042-E",
url = "http://www.sciencedirect.com/science/article/pii/001046559500042E",
author = "H.J.C. Berendsen and D. van der Spoel and R. van Drunen",
keywords = "Molecular dynamics",
keywords = "Parallel computing"
}


@article{Essmann_JCP_PME,
author = {Ulrich Essmann and Lalith Perera and Max L. Berkowitz and Tom Darden and Hsing Lee and Lee G. Pedersen},
collaboration = {},
title = {A smooth particle mesh Ewald method},
publisher = {AIP},
year = {1995},
journal = {J. Chem. Phys},
volume = {103},
number = {19},
pages = {8577-8593},
keywords = {BIOLOGY; MACROMOLECULES; STRUCTURE FACTORS; POTENTIALS; INTERPOLATION; MESH GENERATION},
url = {http://link.aip.org/link/?JCP/103/8577/1},
doi = {10.1063/1.470117}
}

@article{Miyamoto_JCC_Settle,
author = {Miyamoto, Shuichi and Kollman, Peter A.},
title = {Settle: An analytical version of the SHAKE and RATTLE algorithm for rigid water models},
journal = {J. Comput. Chem.},
volume = {13},
number = {8},
publisher = {John Wiley & Sons, Inc.},
issn = {1096-987X},
url = {http://dx.doi.org/10.1002/jcc.540130805},
doi = {10.1002/jcc.540130805},
pages = {952--962},
year = {1992},
}

@article{Berendsen_JCP_NPT,
author = {H. J. C. Berendsen and J. P. M. Postma and W. F. van Gunsteren and A. DiNola and J. R. Haak},
collaboration = {},
title = {Molecular dynamics with coupling to an external bath},
publisher = {AIP},
year = {1984},
journal = {J. Chem. Phys.},
volume = {81},
number = {8},
pages = {3684-3690},
keywords = {MOLECULAR DYNAMICS CALCULATION; TRANSPORT THEORY; COMPUTERIZED SIMULATION; LIQUIDS; STRUCTURE FACTORS},
url = {http://link.aip.org/link/?JCP/81/3684/1},
doi = {10.1063/1.448118}
}

@article{oplsaa,
author = {Jorgensen, William L. and Maxwell, David S. and Tirado-Rives, Julian},
title = {Development and Testing of the OPLS All-Atom Force Field on Conformational Energetics and Properties of Organic Liquids},
journal = {J. Am. Chem. Soc.},
volume = {118},
number = {45},
pages = {11225-11236},
year = {1996},
doi = {10.1021/ja9621760},
URL = {http://pubs.acs.org/doi/abs/10.1021/ja9621760},
eprint = {http://pubs.acs.org/doi/pdf/10.1021/ja9621760}
}

@article{Truhlar_TCA_QMMMReview,
   author = {Lin, Hai and Truhlar, Donald},
   title = {QM/MM: what have we learned, where are we, and where do we go from here?},
   journal = {Theor. Chem. Acc.},
   pages = {185-199},
   volume = {117},
   issue = {2},
   year = {2007}
}

@article{Thiel_ACIE_QMMMReview,
author = {Senn, Hans Martin and Thiel, Walter},
title = {QM/MM Methods for Biomolecular Systems},
journal = {Angew. Chem. Int. Ed.},
volume = {48},
number = {7},
publisher = {WILEY-VCH Verlag},
issn = {1521-3773},
url = {http://dx.doi.org/10.1002/anie.200802019},
doi = {10.1002/anie.200802019},
pages = {1198--1229},
keywords = {enzyme catalysis, molecular simulations, QM/MM calculations, theoretical chemistry},
year = {2009}
}

@article{Mennucci_JCP_Escaped,
author = {Eric Canc\`{e}s and Benedetta Mennucci},
collaboration = {},
title = {The escaped charge problem in solvation continuum models},
publisher = {AIP},
year = {2001},
journal = {J. Chem. Phys.},
volume = {115},
number = {13},
pages = {6130-6135},
keywords = {solvation; liquid theory; integral equations},
url = {http://link.aip.org/link/?JCP/115/6130/1},
doi = {10.1063/1.1401157}
}

@article{Brancato_CPL_UR-,
title = "Microsolvation of uracil anion radical in aqueous solution: a QM/MM study",
journal = "Chem. Phys. Lett.",
volume = "500",
number = "1-3",
pages = "104 - 110",
year = "2010",
note = "",
issn = "0009-2614",
doi = "10.1016/j.cplett.2010.09.078",
url = "http://www.sciencedirect.com/science/article/pii/S0009261410013254",
author = "Giuseppe Brancato and Nadia Rega and Vincenzo Barone"
}

@Article{Brancato_PCCP_UR-EPR,
author ="Brancato, Giuseppe and Rega, Nadia and Barone, Vincenzo",
title  ="Uracil anion radical in aqueous solution: thermodynamics versus spectroscopy",
journal  ="Phys. Chem. Chem. Phys.",
year  ="2010",
volume  ="12",
issue  ="36",
pages  ="10736-10739",
publisher  ="The Royal Society of Chemistry"
}

@Article{Lu_PCCP_EprUR-Exp,
author ="Lu, J. M. and Geimer, J. and Naumov, S. and Beckert, D.",
title  ="A Fourier transform EPR study of uracil and thymine radical anions in aqueous solution",
journal  ="Phys. Chem. Chem. Phys.",
year  ="2001",
volume  ="3",
issue  ="6",
pages  ="952-956",
publisher  ="The Royal Society of Chemistry"
}
@article{Rega_JCP_EPR-III,
author = {Nadia Rega and Maurizio Cossi and Vincenzo Barone},
collaboration = {},
title = {Development and validation of reliable quantum mechanical approaches for the study of free radicals in solution},
publisher = {AIP},
year = {1996},
journal = {J. Chem. Phys.},
volume = {105},
number = {24},
pages = {11060-11067}
}

@article{Neese_JCP_EPR,
author = {Frank Neese},
collaboration = {},
title = {Prediction of electron paramagnetic resonance g values using coupled perturbed Hartree--Fock and Kohn--Sham theory},
publisher = {AIP},
year = {2001},
journal = {J. Chem. Phys.},
volume = {115},
number = {24},
pages = {11080-11096}
}

@article{Witanowski_JMR_Diazines,
title = "Solvent effects on nitrogen NMR shieldings in azines",
journal = "Journal of Magnetic Resonance (1969)",
volume = "91",
number = "2",
pages = "289 - 300",
year = "1991",
note = "",
issn = "0022-2364",
doi = "10.1016/0022-2364(91)90193-W",
url = "http://www.sciencedirect.com/science/article/pii/002223649190193W",
author = "M Witanowski and W Sicinska and S Biernat and G.A Webb"
}

@article{Stamm_JCP_DDPCM,
author = {Stamm, Benjamin and Canc{\`e}s, Eric and Maday, Yvon},
title = {Domain decomposition for implicit solvation models},
journal = "J. Chem. Phys.",
volume = "144",
number = "5",
pages = "054101",
year = "2016",
doi = "10.1063/1.4940136",
}

@unpublished{Quan_DDPCM_SES,
  TITLE = {{Polarizable Continuum Model based on the Solvent Excluded Surface}},
  AUTHOR = {Quan, Chaoyu and Stamm, Benjamin and Maday, Yvon},
  URL = {https://hal.archives-ouvertes.fr/hal-01489262},
  NOTE = {working paper or preprint},
  YEAR = {2017},
  MONTH = Mar,
  KEYWORDS = {Polarizable continuum model ; Solvent excluded surface ; Solvation energy ; Domain decomposition method},
  PDF = {https://hal.archives-ouvertes.fr/hal-01489262/file/ddPCM_submission.pdf},
  HAL_ID = {hal-01489262},
  HAL_VERSION = {v1},
}

@Article{C5CP03410H,
author ="Bugeanu, Monica and Di Remigio, Roberto and Mozgawa, Krzysztof and Reine, Simen Sommerfelt and Harbrecht, Helmut and Frediani, Luca",
title  ="Wavelet formulation of the polarizable continuum model. II. Use of piecewise bilinear boundary elements",
journal  ="Phys. Chem. Chem. Phys.",
year  ="2015",
volume  ="17",
issue  ="47",
pages  ="31566-31581",
publisher  ="The Royal Society of Chemistry",
doi  ="10.1039/C5CP03410H",
url  ="http://dx.doi.org/10.1039/C5CP03410H"
}

@Article{Harbrecht2011,
author="Harbrecht, H.
and Randrianarivony, M.",
title="Wavelet BEM on molecular surfaces: solvent excluded surfaces",
journal="Computing",
year="2011",
month="Aug",
day="01",
volume="92",
number="4",
pages="335--364",
abstract="The present paper is concerned with the rapid solution of a boundary integral equation for the apparent surface charge which arises from solvation continuum models. In order to apply the wavelet Galerkin scheme the molecular surface needs to be represented as a parametric surface consisting of smooth four-sided patches. We develop an algorithm which decomposes a solvent excluded surface into a set of globally continuous four-sided NURBS patches. Numerical experiments are carried out to demonstrate the feasibility and scope of the present approach.",
issn="1436-5057",
doi="10.1007/s00607-011-0147-y",
url="https://doi.org/10.1007/s00607-011-0147-y"
}

@article {JCC:JCC21431,
author = {Weijo, Ville and Randrianarivony, Maharavo and Harbrecht, Helmut and Frediani, Luca},
title = {Wavelet formulation of the polarizable continuum model},
journal = {Journal of Computational Chemistry},
volume = {31},
number = {7},
publisher = {Wiley Subscription Services, Inc., A Wiley Company},
issn = {1096-987X},
url = {http://dx.doi.org/10.1002/jcc.21431},
doi = {10.1002/jcc.21431},
pages = {1469--1477},
keywords = {wavelets, solvent effect, algorithms, interpolation, linear complexity, sparse operators, Galerkin methods, PCM},
year = {2010},
}

@article{Cheng_JCP_FMM,
	title = "A Fast Adaptive Multipole Algorithm in Three Dimensions",
	journal = "J. Comput. Phys.",
	volume = "155",
	number = "2",
	pages = "468 - 498",
	year = "1999",
	note = "",
	author = "H. Cheng and L. Greengard and V. Rokhlin"
}

@misc{FMM3DLib,
note = {The software package FMM3DLIB is publicly available at \url{http://www.cims.nyu.edu/cmcl/fmm3dlib/fmm3dlib.html} (accessed April 13, 2012).}
}
%BENE aggiunte

@article{Klamt:2011we,
author = {Klamt, A},
title = {{The COSMO and COSMO-RS solvation models}},
journal = {WIREs Comput. Mol. Sci.},
year = {2011},
volume = {1},
number = {5},
pages = {699--709}
}

@article{Mennucci:2012ct,
author = {Mennucci, Benedetta},
title = {{Polarizable continuum model}},
journal = {WIREs Comput. Mol. Sci.},
year = {2012},
volume = {2},
number = {3},
pages = {386--404},
month = jan
}

@article{Foresman:1996vt,
author = {Foresman, JB and Keith, TA and Wiberg, KB and Snoonian, J and Frisch, MJ},
title = {{Solvent effects .5. Influence of cavity shape, truncation of electrostatics, and electron correlation ab initio reaction field calculations}},
journal = {J. Phys. Chem.},
year = {1996},
volume = {100},
number = {40},
pages = {16098--16104}
}

@article{Roux:1999vp,
author = {Roux, B and Simonson, T},
title = {{Implicit solvent models}},
journal = {Biophys. Chem.},
year = {1999},
volume = {78},
number = {1-2},
pages = {1--20}
}

@article{honig1995cla,
title={Classical electrostatics in biology and chemistry.},
author={Honig, B. and Nicholls, A.},
journal={Science},
volume={268},
number={5214},
pages={1144-9},
year={1995},
abstract={A major revival in the use of classical electrostatics as an approach to the study of charged and polar molecules in aqueous solution has been made possible through the development of fast numerical and computational methods to solve the Poisson-Boltzmann equation for solute molecules that have complex shapes and charge distributions. Graphical visualization of the calculated electrostatic potentials generated by proteins and nucleic acids has revealed insights into the role of electrostatic interactions in a wide range of biological phenomena. Classical electrostatics has also proved to be successful quantitative tool yielding accurate descriptions of electrical potentials, diffusion limited processes, pH-dependent properties of proteins, ionic strength-dependent phenomena, and the solvation free energies of organic molecules.}
}

@article{Orozco:2000hr,
author = {Orozco, M and Luque, FJ},
title = {{Theoretical methods for the description of the solvent effect in biomolecular systems}},
journal = {Chem. Rev.},
year = {2000},
volume = {100},
number = {11},
pages = {4187--4225}
}

@article{Marenich:2009iw,
author = {Marenich, Aleksandr V and Cramer, Christopher J and Truhlar, Donald G},
title = {{Universal Solvation Model Based on Solute Electron Density and on a Continuum Model of the Solvent Defined by the Bulk Dielectric Constant and Atomic Surface Tensions}},
journal = {J. Phys. Chem. B},
year = {2009},
volume = {113},
number = {18},
pages = {6378--6396}
}

@book{DD_Method,
	author = "Quarteroni, Alfio and Valli, Agata",
	publisher = "Oxford Science Publications, Oxford",
	title = "{Domain decomposition methods for partial differential equations}",
	year = "1999"
}

@article{Caprasecca_JCTC_QMMMPolPCM,
author = {Caprasecca, Stefano and Curutchet, Carles and Mennucci, Benedetta},
title = {Toward a Unified Modeling of Environment and Bridge-Mediated Contributions to Electronic Energy Transfer: A Fully Polarizable QM/MM/PCM Approach},
journal = {J. Chem. Theory Comput.},
volume = {8},
number = {11},
pages = {4462-4473},
year = {2012},
doi = {10.1021/ct300620w},

URL = {http://pubs.acs.org/doi/abs/10.1021/ct300620w},
eprint = {http://pubs.acs.org/doi/pdf/10.1021/ct300620w}
}

@article{Boulanger_JCTC_QMMMPolPCM,
author = {Boulanger, Eliot and Thiel, Walter},
title = {Solvent Boundary Potentials for Hybrid QM/MM Computations Using Classical Drude Oscillators: A Fully Polarizable Model},
journal = {J. Chem. Theory Comput.},
volume = {8},
number = {11},
pages = {4527-4538},
year = {2012},
doi = {10.1021/ct300722e},

URL = {http://pubs.acs.org/doi/abs/10.1021/ct300722e},
eprint = {http://pubs.acs.org/doi/pdf/10.1021/ct300722e}
}

@misc{3S48,
note = {The structure can be downloaded at \url{http://www.rcsb.org/pdb/explore/explore.do?structureId=3S48}}
}

@article{Lipparini_JCTC_ORMoxy,
author = {Lipparini, Filippo and Egidi, Franco and Cappelli, Chiara and Barone, Vincenzo},
title = {The Optical Rotation of Methyloxirane in Aqueous Solution: A Never Ending Story?},
journal = {J. Chem. Theory Comput.},
volume = {9},
number = {4},
pages = {1880-1884},
year = {2013},
doi = {10.1021/ct400061z},
URL = {http://pubs.acs.org/doi/abs/10.1021/ct400061z},
eprint = {http://pubs.acs.org/doi/pdf/10.1021/ct400061z}
}


@article{Lipparini_JCTC_ddCOSMO,
author = {Lipparini, Filippo and Stamm, Benjamin and Canc\`{e}s, Eric and Maday, Yvon and Mennucci, Benedetta},
title = {Fast Domain Decomposition Algorithm for Continuum Solvation Models: Energy and First Derivatives},
journal = {J. Chem. Theory Comput.},
volume = {9},
number = {8},
pages = {3637-3648},
year = {2013}
}

@article{Cances_JCP_ddCOSMO,
author = {Eric Canc\`{e}s and Yvon Maday and Benjamin Stamm},
title = {Domain decomposition for implicit solvation models},
publisher = {AIP},
year = {2013},
journal = {J. Chem. Phys.},
volume = {139},
number = {5},
pages = {054111}
}



@article{York_JPCB_SemiempiricalCOSMO,
author = {Khandogin, Jana and Gregersen, Brent A. and Thiel, Walter and York, Darrin M.},
title = {Smooth Solvation Method for d-Orbital Semiempirical Calculations of Biological Reactions. 1. Implementation},
journal = {J. Phys. Chem. B},
volume = {109},
number = {19},
pages = {9799-9809},
year = {2005}
}

@inbook{Zerner_RCC_Zindo,
title = {Semiempirical Molecular Orbital Methods},
author = {Zerner, Michael C.},
author = {},
publisher = {John Wiley \& Sons, Inc.},
isbn = {9780470125793},
pages = {313--365},
booktitle = {Rev. Comput. Chem.},
year = {2007},
}

@article{Ridley_TCA_ZINDO,
year={1973},
journal={Theor. Chem. Acc.},
volume={32},
number={2},
title={An intermediate neglect of differential overlap technique for spectroscopy: Pyrrole and the azines},
publisher={Springer-Verlag},
author={Ridley, J. and Zerner, Michael},
pages={111-134}
}

@article{Sala_JCP_Damping,
author = {Jon\`{a}s Sala and Elvira Gu\`{a}rdia and Marco Masia},
title = {The polarizable point dipoles method with electrostatic damping: Implementation on a model system},
publisher = {AIP},
year = {2010},
journal = {J. Chem. Phys.},
volume = {133},
number = {23},
pages = {234101},
}

@article{Ren_JPCB_AMOEBA,
author = {Ren, Pengyu and Ponder, Jay W.},
title = {Polarizable Atomic Multipole Water Model for Molecular Mechanics Simulation},
journal = {J. Phys. Chem. B},
volume = {107},
number = {24},
pages = {5933-5947},
year = {2003},
}

@article{Krishna_LAA_SSOR,
title = "On the convergence of the symmetric successive overrelaxation method ",
journal = "Linear Algebra Appl.",
volume = "56",
number = "0",
pages = "185 - 194",
year = "1984",
note = "",
author = "Lala B. Krishna"
}

@article{Schneider_JMC_DIIS,
year={2011},
journal={J. Math. Chem.},
volume={49},
number={9},
title={An analysis for the DIIS acceleration method used in quantum chemistry calculations},
author={Rohwedder, Thorsten and Schneider, Reinhold},
pages={1889-1914},
}

@article{Applequist_JACS_PPD,
author = {Applequist, Jon and Carl, James R. and Fung, Kwok-Kueng},
title = {Atom dipole interaction model for molecular polarizability. Application to polyatomic molecules and determination of atom polarizabilities},
journal = {J. Am. Chem. Soc.},
volume = {94},
number = {9},
pages = {2952-2960},
year = {1972}
}

@article{Skeel_JCP_PPD,
   author = "Wang, Wei and Skeel, Robert D.",
   title = "Fast evaluation of polarizable forces",
   journal = {J. Chem. Phys.},
   year = "2005",
   volume = "123",
   number = "16", 
   pages = "164107",
   url = "http://scitation.aip.org/content/aip/journal/jcp/123/16/10.1063/1.2056544",
   doi = "http://dx.doi.org/10.1063/1.2056544" 
}

@article{Jorgensen_JCTC_specialissue,
author = {Jorgensen, William L.},
title = {Special Issue on Polarization},
journal = {J. Chem. Theory Comput.},
volume = {3},
number = {6},
pages = {1877-1877},
year = {2007},
note = {and references therein}
}

@article{Gresh_JCTC_APMM,
author = {Gresh, Nohad and Cisneros, G. Andres and Darden, Thomas A. and Piquemal, Jean-Philip},
title = {Anisotropic, Polarizable Molecular Mechanics Studies of Inter- and Intramolecular Interactions and Ligand-Macromolecule Complexes. A Bottom-Up Strategy},
journal = {J. Chem. Theory Comput.},
volume = {3},
number = {6},
pages = {1960-1986},
year = {2007},
}

@article{Warshel_JCTC_MMPol,
author = {Warshel, Arieh and Kato, Mitsunori and Pisliakov, Andrei V.},
title = {Polarizable Force Fields: History, Test Cases, and Prospects},
journal = {J. Chem. Theory Comput.},
volume = {3},
number = {6},
pages = {2034-2045},
year = {2007}
}


@article{Gordon_ARPC_EFP,
author = {Gordon, Mark S. and Smith, Quentin A. and Xu, Peng and Slipchenko, Lyudmila V.},
title = {Accurate First Principles Model Potentials for Intermolecular Interactions},
journal = {Ann. Rev. Phys. Chem.},
volume = {64},
number = {1},
pages = {553-578},
year = {2013}
}


@article{Piquemal_JPCA_APMMFQ,
author = {Piquemal, Jean-Philip and Chelli, Riccardo and Procacci, Piero and Gresh, Nohad},
title = {Key Role of the Polarization Anisotropy of Water in Modeling Classical Polarizable Force Fields},
journal = {J. Phys. Chem. A},
volume = {111},
number = {33},
pages = {8170-8176},
year = {2007}
}


@article{Cisneros_JPCB_QMMM,
author = {Cisneros, G. Andres and Piquemal, Jean-Philip and Darden, Thomas A.},
title = {Quantum Mechanics/Molecular Mechanics Electrostatic Embedding with Continuous and Discrete Functions},
journal = {J. Phys. Chem. B},
volume = {110},
number = {28},
pages = {13682-13684},
year = {2006}
}


@article{Ponder_JPCB_AMOEBA,
author = {Ponder, Jay W. and Wu, Chuanjie and Ren, Pengyu and Pande, Vijay S. and Chodera, John D. and Schnieders, Michael J. and Haque, Imran and Mobley, David L. and Lambrecht, Daniel S. and DiStasio, Robert A. and Head-Gordon, Martin and Clark, Gary N. I. and Johnson, Margaret E. and Head-Gordon, Teresa},
title = {Current Status of the AMOEBA Polarizable Force Field},
journal = {J. Phys. Chem. B},
volume = {114},
number = {8},
pages = {2549-2564},
year = {2010}
}

@article{Cisneros_JCP_PME,
   author = "Cisneros, G. Andres and Piquemal, Jean-Philip and Darden, Thomas A.",
   title = "Generalization of the Gaussian electrostatic model: Extension to arbitrary angular momentum, distributed multipoles, and speedup with reciprocal space methods",
   journal = "J. Chem. Phys.",
   year = "2006",
   volume = "125",
   number = "18", 
   pages = "184101"
}
@article{Sagui_JCP_PME,
   author = "Sagui, Celeste and Pedersen, Lee G. and Darden, Thomas A.",
   title = "Towards an accurate representation of electrostatics in classical force fields: Efficient implementation of multipolar interactions in biomolecular simulations",
   year = "2004",
   volume = "120",
   journal = "J. Chem. Phys.",
   number = "1", 
   pages = "73-87"
}

@article{Schnieders_JCTC_FFX,
author = {Schnieders, Michael J. and Fenn, Timothy D. and Pande, Vijay S.},
title = {Polarizable Atomic Multipole X-Ray Refinement: Particle Mesh Ewald Electrostatics for Macromolecular Crystals},
journal = {J. Chem. Theory Comput.},
volume = {7},
number = {4},
pages = {1141-1156},
year = {2011}
}

@misc{FFXSite,
note = {Force Field X, \url{http://ffx.eng.uiowa.edu/}. Last accessed: November 14, 2013.},
}

@misc{TinkerSite,
author = {Ponder, J. W.},
note = {TINKER Molecular Modeling Package V 6.2, \url{http://dasher.wustl.edu/tinker/}. Last accessed: July 14, 2013.}
}

@article{Ren_JCTC_AMOEBAbio,
author = {Shi, Yue and Xia, Zhen and Zhang, Jiajing and Best, Robert and Wu, Chuanjie and Ponder, Jay W. and Ren, Pengyu},
title = {Polarizable Atomic Multipole-Based AMOEBA Force Field for Proteins},
journal = {J. Chem. Theory Comput.},
volume = {9},
number = {9},
pages = {4046-4063},
year = {2013}
}

@article{Piquemal_TCA_APMM,
year={2012},
issn={1432-881X},
journal={Theor. Chem. Acc.},
volume={131},
number={4},
title={From quantum mechanics to force fields: new methodologies for the classical simulation of complex systems},
publisher={Springer-Verlag},
author={Piquemal, Jean-Philip and Jordan, Kenneth D.},
pages={1-2}
}

@article{Kolafa_JCC_PredCorr,
author = {Kolafa, Jiří},
title = {Time-reversible always stable predictor-corrector method for molecular dynamics of polarizable molecules},
journal = {J. Comput. Chem.},
volume = {25},
number = {3},
publisher = {Wiley Subscription Services, Inc., A Wiley Company},
pages = {335--342},
year = {2004}
}

@article{Verlet_PR_Integrator,
  title = {Computer "Experiments" on Classical Fluids. I. Thermodynamical Properties of Lennard-Jones Molecules},
  author = {Verlet, Loup},
  journal = {Phys. Rev.},
  volume = {159},
  issue = {1},
  pages = {98--103},
  year = {1967},
  month = {Jul},
  doi = {10.1103/PhysRev.159.98},
  url = {http://link.aps.org/doi/10.1103/PhysRev.159.98},
  publisher = {American Physical Society}
}

@article{Swope_JCP_VelVer,
   author = "Swope, William C. and Andersen, Hans C. and Berens, Peter H. and Wilson, Kent R.",
   title = "A computer simulation method for the calculation of equilibrium constants for the formation of physical clusters of molecules: Application to small water clusters",
   journal = "J. Chem. Phys.",
   year = "1982",
   volume = "76",
   number = "1", 
   pages = "637-649"
}

@article{Im_JCP_GSBP,
   author = "Im, Wonpil and Berneche, Simon and Roux, Beno{\^i}t",
   title = "Generalized solvent boundary potential for computer simulations",
   journal = "J. Chem. Phys.",
   year = "2001",
   volume = "114",
   number = "7", 
   pages = "2924-2937"
}

@article {Lee_JCC_ImplicitMD,
author = {Lee, Michael S. and Salsbury, Freddie R. and Olson, Mark A.},
title = {An efficient hybrid explicit/implicit solvent method for biomolecular simulations},
journal = {J. Comput. Chem.},
volume = {25},
number = {16},
pages = {1967--1978},
year = {2004}
}
@article{Schnieders_JCTC_GK,
author = {Schnieders, Michael J. and Ponder, Jay W.},
title = {Polarizable Atomic Multipole Solutes in a Generalized Kirkwood Continuum},
journal = {J. Chem. Theory Comput.},
volume = {3},
number = {6},
pages = {2083-2097},
year = {2007}
}
@article{Schnieders_JCP_LPBE,
   author = "Schnieders, Michael J. and Baker, Nathan A. and Ren, Pengyu and Ponder, Jay W.",
   title = "Polarizable atomic multipole solutes in a Poisson-Boltzmann continuum",
   journal = "J. Chem. Phys.",
   year = "2007",
   volume = "126",
   number = "12", 
}
@article{Lipparini_JCTC_Dipoles,
author = {Lipparini, Filippo and Lagard{\`e}re, Louis and Stamm, Benjamin and Canc{\`e}s, Eric and Schnieders, Michael and Ren, Pengyu and Maday, Yvon and Piquemal, Jean-Philip},
title = {Scalable Evaluation of Polarization Energy and Associated Forces in Polarizable Molecular Dynamics: I. Toward Massively Parallel Direct Space Computations},
journal = {J. Chem. Theory Comput.},
volume = {10},
number = {4},
pages = {1638-1651},
year = {2014}
}
@article{Lipparini_JPCL_ddCOSMO,
author = {Lipparini, Filippo and Lagard{\`e}re, Louis and Scalmani, Giovanni and Stamm, Benjamin and Canc{\`e}s, Eric and Maday, Yvon and Piquemal, Jean-Philip and Frisch, Michael J. and Mennucci, Benedetta},
title = {Quantum Calculations in Solution for Large to Very Large Molecules: A New Linear Scaling QM/Continuum Approach},
journal = {J. Phys. Chem. Lett.},
volume = {5},
number = {6},
pages = {953-958},
year = {2014}
}
@article{Cramer:1999wt,
author = {Cramer, CJ and Truhlar, DG},
title = {Implicit solvation models: Equilibria, structure, spectra, and dynamics},
journal = {Chem Rev},
year = {1999},
volume = {99},
number = {8},
pages = {2161--2200}
}
@article{Wang_JPCB_MMPol,
author = {Wang, Junmei and Cieplak, Piotr and Li, Jie and Wang, Jun and Cai, Qin and Hsieh, MengJuei and Lei, Hongxing and Luo, Ray and Duan, Yong},
title = {Development of Polarizable Models for Molecular Mechanical Calculations II: Induced Dipole Models Significantly Improve Accuracy of Intermolecular Interaction Energies},
journal = {J. Phys. Chem. B},
volume = {115},
number = {12},
pages = {3100-3111},
year = {2011},
}
@book{Kubo_book,
	author = "Kubo, Ryogo and Toda, Morikazu and Hahitsume, Natsuki",
	publisher = "Springer, Berlin",
	title = "{Statistical Physics, Vol. II}",
	year = "1991",
	note = "2nd end."
}

@article{Choi_IJQC_IRAlpha,
author = {Choi, Jun-Ho and Hahn, Seungsoo and Cho, Minhaeng},
title = {Amide I IR, VCD, and 2D IR spectra of isotope-labeled {$\alpha$}-helix in liquid water: Numerical simulation studies},
journal = {Int. J. Quantum Chem.},
volume = {104},
number = {5},
pages = {616--634},
year = {2005}
}

@Article{Luo13,
author ="Luo, Yun and Jiang, Wei and Yu, Haibo and MacKerell, Alexander D. and Roux, Beno{\^i}t",
title  ="Simulation study of ion pairing in concentrated aqueous salt solutions with a polarizable force field",
journal  ="Faraday Discuss.",
year  ="2013",
volume  ="160",
issue  ="0",
pages  ="135-149",
publisher  ="The Royal Society of Chemistry",
doi  ="10.1039/C2FD20068F",
url  ="http://dx.doi.org/10.1039/C2FD20068F",
abstract  ="The accuracy of empirical force fields is critical for meaningful molecular dynamics simulations of concentrated ionic solutions. Current models are typically developed on the basis of single ion properties such as the monohydrate energy in the gas phase{,} or the absolute hydration free energy at infinite dilution. However{,} the failure of these models to represent accurately the properties of concentrated solutions cannot be excluded. Here{,} these issues are illustrated for a polarizable potential based on classical Drude oscillators. To model accurately concentrated ionic solutions{,} the parameters of the potential functions are optimized to reproduce osmotic pressure data. The sodium-chloride potential of mean force in solution calculated from the empirically-adjusted model is consistent with the results from that calculated from ab initio CPMD simulations."}

@article{Tong2010,
author = {Tong, Yan and Mei, Ye and Li, Yong L. and Ji, Chang G. and Zhang, John Z. H.},
title = {Electrostatic Polarization Makes a Substantial Contribution to the Free Energy of Avidin-Biotin Binding},
journal = {J. Am. Chem. Soc.},
volume = {132},
number = {14},
pages = {5137-5142},
year = {2010},
doi = {10.1021/ja909575j}
}

@article{Freddolino:2010hh,
author = {Freddolino, Peter L and Harrison, Christopher B and Liu, Yanxin and Schulten, Klaus},
title = {{Challenges in protein-folding simulations}},
journal = {Nature Physics},
year = {2010},
volume = {6},
number = {10},
pages = {751--758},
month = oct,
annote = {10.1038/nphys1713}
}

@article{Changge14,
author = {Ji, Changge and Mei, Ye},
title = {Some Practical Approaches to Treating Electrostatic Polarization of Proteins},
journal = {Acc. Chem. Res.},
volume = {47},
number = {9},
pages = {2795-2803},
year = {2014},
doi = {10.1021/ar500094n}
}

@article{CisnerosCR14,
author = {Cisneros, G. Andres and Karttunen, Mikko and Ren, Pengyu and Sagui, Celeste},
title = {Classical Electrostatics for Biomolecular Simulations},
journal = {Chem. Rev.},
volume = {114},
number = {1},
pages = {779-814},
year = {2014},
doi = {10.1021/cr300461d}
}

@article{Huang14,
author = {Huang, Jing and Lopes, Pedro E. M. and Roux, Benoît and MacKerell, Alexander D.},
title = {Recent Advances in Polarizable Force Fields for Macromolecules: Microsecond Simulations of Proteins Using the Classical Drude Oscillator Model},
journal = {J. Phys. Chem. Lett.},
volume = {5},
number = {18},
pages = {3144-3150},
year = {2014},
doi = {10.1021/jz501315h}
}

@article{Cieplak2009,
author = {Cieplak, Piotr and Dupradeau, Fran\c{c}ois-Yves and Duan, Yong and Wang, Junmei},
doi = {10.1088/0953-8984/21/33/333102},
journal = {J. Phys. Condens. Mat.},
number = {33},
pages = {333102},
title = {{Polarization effects in molecular mechanical force fields.}},
volume = {21},
year = {2009}
}

@article{Lopes2009,
author={Lopes, Pedro E.M. and Roux, Benoit and MacKerell, Alexander D., Jr},
title={Molecular modeling and dynamics studies with explicit inclusion of electronic polarizability: theory and applications},
year={2009},
journal={Theor. Chem. Acc.},
pages={11-28},
volume={124},
number={1-2},
issn={1432-881X},
doi={10.1007/s00214-009-0617-x},
url={http://dx.doi.org/10.1007/s00214-009-0617-x},
publisher={Springer-Verlag}
}
@misc{Lagardere_NYP_PMEParallel,
author={Lagard{\`e}re, Louis},
note={in preparation}
}

@article{Caprasecca_JCTC_MMPol-der,
author = {Caprasecca, Stefano and Jurinovich, Sandro and Viani, Lucas and Curutchet, Carles and Mennucci, Benedetta},
title = {Geometry Optimization in Polarizable QM/MM Models: The Induced Dipole Formulation},
journal = {J. Chem. Theory Comput.},
volume = {10},
number = {4},
pages = {1588-1598},
year = {2014}
}

@article{Boulanger_JCTC_Drude,
author = {Boulanger, Eliot and Thiel, Walter},
title = {Toward QM/MM Simulation of Enzymatic Reactions with the Drude Oscillator Polarizable Force Field},
journal = {J. Chem. Theory Comput.},
volume = {10},
number = {4},
pages = {1795-1809},
year = {2014}
}

@article{List2012,
author = {List, Nanna H and Olsen, J\'{o}gvan Magnus H and Jensen, Hans J{\"o}rgen Aa. and Steindal, Arnfinn H and Kongsted, Jacob},
doi = {10.1021/jz3014858},
journal = {The Journal of Physical Chemistry Letters},
number = {23},
pages = {3513--3521},
title = {{Molecular-Level Insight into the Spectral Tuning Mechanism of the DsRed Chromophore}},
url = {http://dx.doi.org/10.1021/jz3014858},
volume = {3},
year = {2012}
}
@article{Olsen2010,
author = {Olsen, J{\'o}gvan Magnus and Aidas, K\c{e}stutis and Kongsted, Jacob},
doi = {10.1021/ct1003803},
journal = {Journal of Chemical Theory and Computation},
number = {12},
pages = {3721--3734},
title = {{Excited States in Solution through Polarizable Embedding}},
volume = {6},
year = {2010}
}

@article{Beerepoot2014,
author = {Beerepoot, Maarten T.P. and Steindal, Arnfinn Hykkerud and Ruud, Kenneth and Olsen, J\'{o}gvan Magnus Haugaard and Kongsted, Jacob},
doi = {10.1016/j.comptc.2014.03.022},
journal = {Computational and Theoretical Chemistry},
pages = {304--311},
title = {{Convergence of environment polarization effects in multiscale modeling of excitation energies}},
volume = {1040-1041},
year = {2014}
}

@article{Lipparini_JCP_ddCOSMO-QM,
   author = "Lipparini, Filippo and Scalmani, Giovanni and Lagard{\`e}re, Louis and Stamm, Benjamin and Canc{\`e}s, Eric and Maday, Yvon and Piquemal, Jean-Philip and Frisch, Michael J. and Mennucci, Benedetta",
   title = "Quantum, classical, and hybrid QM/MM calculations in solution: General implementation of the ddCOSMO linear scaling strategy",
   journal = "J. Chem. Phys.",
   year = "2014",
   volume = "141",
   number = "18", 
   pages = "184108"
}


@INPROCEEDINGS{Beatson97ashort,
    author = {Rick Beatson and Leslie Greengard},
    title = {A short course on fast multipole methods},
    booktitle = {Wavelets, Multilevel Methods and Elliptic PDEs},
    year = {1997},
    pages = {1--37},
    publisher = {Oxford University Press}
}
@misc{gdvH36,
	author = "Frisch, M. J. and Trucks, G. W. and Schlegel, H. B. and Scuseria, G. E. and Robb, M. A. and Cheeseman, J. R. and Scalmani, G. and Barone, V. and Mennucci, B. and Petersson, G. A. and Nakatsuji, H. and Caricato, M. and Li, X. and Hratchian, H. P. and Izmaylov, A. F. and Bloino, J. and Janesko, B. G. and Lipparini, F. and Zheng, G. and Sonnenberg, J. L. and Liang, W. and Hada, M. and Ehara, M. and Toyota, K. and Fukuda, R. and Hasegawa, J. and Ishida, M. and Nakajima, T. and Honda, Y. and Kitao, O. and Nakai, H. and Vreven, T. and Montgomery, J. A. and Jr. and Peralta, J. E. and Ogliaro, F. and Bearpark, M. and Heyd, J. J. and Brothers, E. and Kudin, K. N. and Staroverov, T. and Keith, T. and Kobayashi, R. and Normand, J. and Raghavachari, K. and Rendell, A. and Burant, J. C. and Iyengar, S. S. and Tomasi, J. and Cossi, M. and Rega, N. and Millam, J. M. and Klene, M. and Knox, J. E. and Cross, J. B. and Bakken, V. and Adamo, C. and Jaramillo, J. and Gomperts, R. and Stratmann, R. E. and Yazyev, O. and Austin, A. J. and Cammi, R. and Pomelli, C. and Ochterski, J. W. and Martin, R. L. and Morokuma, K. and Zakrzewski, V. G. and Voth, G. A. and Salvador, P. and Dannenberg, J. J. and Dapprich, S. and Parandekar, P. V. and Mayhall, N. J. and and Daniels, A. D. and Farkas, O. and Foresman, J. B. and Ortiz, J. V. and Cioslowski, J. and Fox, D. J.",
	note = "Gaussian Inc. Wallingford CT 2010",
	title = "Gaussian Development Version, Revision H.36"
}


@misc{Akselos,
note = {\url{www.akselos.com/index.html}},
title = {Akselos - Simulation Technology}
}

@article{Cances_JSC_RBMHF,
year={2002},
journal={J. Sci. Comput.},
volume={17},
number={1-4},
title={Towards Reduced Basis Approaches in ab initio Electronic Structure Computations},
publisher={Kluwer Academic Publishers-Plenum Publishers},
author={Canc\`es, Eric and Le Bris, Claude and Maday, Yvon and Turinici, Gabriel},
pages={461-469}
}

@PROCEEDINGS{Cances_Proc_RBMQM,
  title = {Feasibility and competitiveness of a reduced basis approach for rapid electronic structure calculations in quantum chemistry},
  booktitle = {Proceedings of the Workshop for High Dimensional Partial Differencial Equations in Science and Engineering (Montreal)},
  author = {Canc{\`e}s, Eric and Le Bris, Claude and Maday, Yvon and Patera, Anthony T. and Pau, George S. H.},
  year = {2009}
}

@article{Pau_PRE_RBMQM,
  title = {Reduced-basis method for band structure calculations},
  author = {Pau, George S. H.},
  journal = {Phys. Rev. E},
  volume = {76},
  pages = {046704},
  year = {2007},
  month = {Oct},
  publisher = {American Physical Society}
}

@article{Maday_CRM_RBMHF,
title = "A reduced basis method applied to the Restricted Hartree--Fock equations ",
journal = "Comptes Rendus Mathematique ",
volume = "346",
number = "3--4",
pages = "243 - 248",
year = "2008",
author = "Yvon Maday and Ulrich Razafison"
}

@PhdThesis{Casenave_PhD_Airbus,
title = "{Reduced order methods applied to aeroacoustic problems solved by integral equations}",
author = "Fabien Casenave",
school = "Universit\'e Paris-Est",
month = "December",
year = "2013",
}

@article{Caprasecca_JCTC_FMM,
author = {Stefano Caprasecca and Sandro Jurinovich and Louis Lagard{\`e}re and Benjamin Stamm and Filippo Lipparini},
title = {Achieving Linear Scaling in Computational Cost for a Fully Polarizable MM/Continuum Embedding},
journal = {J. Chem. Theory Comput.},
volume = {11},
number = {2},
pages = {694-704},
year = {2015},
}

@article{Lipparini_JCTC_MDPol,
author = {Filippo Lipparini and Louis Lagard{\`e}re and Christophe Raynaud and Benjamin Stamm and Eric Canc{\`e}s and Benedetta Mennucci and Michael Schnieders and Pengyu Ren and Yvon Maday and Jean-Philip Piquemal},
title = {Polarizable Molecular Dynamics in a Polarizable Continuum Solvent},
journal = {J. Chem. Theory Comput.},
volume = {11},
number = {2},
pages = {623-634},
year = {2015}
}

